%YAML 1.1
%TAG !u! tag:unity3d.com,2011:
--- !u!1 &2049695208155726147
GameObject:
  m_ObjectHideFlags: 0
  m_CorrespondingSourceObject: {fileID: 0}
  m_PrefabInstance: {fileID: 0}
  m_PrefabAsset: {fileID: 0}
  serializedVersion: 6
  m_Component:
  - component: {fileID: 2049695208155726146}
  - component: {fileID: 2049695208155726149}
  - component: {fileID: 2049695208155726150}
  - component: {fileID: 2049695208155726151}
  - component: {fileID: 2049695208155726144}
  - component: {fileID: 2049695208155726145}
  m_Layer: 0
  m_Name: Next
  m_TagString: Untagged
  m_Icon: {fileID: 0}
  m_NavMeshLayer: 0
  m_StaticEditorFlags: 0
  m_IsActive: 0
--- !u!224 &2049695208155726146
RectTransform:
  m_ObjectHideFlags: 0
  m_CorrespondingSourceObject: {fileID: 0}
  m_PrefabInstance: {fileID: 0}
  m_PrefabAsset: {fileID: 0}
  m_GameObject: {fileID: 2049695208155726147}
  m_LocalRotation: {x: 0, y: 0, z: 0, w: 1}
  m_LocalPosition: {x: 0, y: 0, z: -0.000010670437}
  m_LocalScale: {x: 1, y: 1, z: 1}
  m_Children:
  - {fileID: 2049695208349208200}
  m_Father: {fileID: 2049695209279443948}
  m_RootOrder: 2
  m_LocalEulerAnglesHint: {x: 0, y: 0, z: 0}
  m_AnchorMin: {x: 0.5, y: 0}
  m_AnchorMax: {x: 0.5, y: 0}
  m_AnchoredPosition: {x: -0.0000030517704, y: 100}
  m_SizeDelta: {x: 402, y: 183}
  m_Pivot: {x: 0.5, y: 0}
--- !u!222 &2049695208155726149
CanvasRenderer:
  m_ObjectHideFlags: 0
  m_CorrespondingSourceObject: {fileID: 0}
  m_PrefabInstance: {fileID: 0}
  m_PrefabAsset: {fileID: 0}
  m_GameObject: {fileID: 2049695208155726147}
  m_CullTransparentMesh: 0
--- !u!114 &2049695208155726150
MonoBehaviour:
  m_ObjectHideFlags: 0
  m_CorrespondingSourceObject: {fileID: 0}
  m_PrefabInstance: {fileID: 0}
  m_PrefabAsset: {fileID: 0}
  m_GameObject: {fileID: 2049695208155726147}
  m_Enabled: 1
  m_EditorHideFlags: 0
  m_Script: {fileID: 11500000, guid: fe87c0e1cc204ed48ad3b37840f39efc, type: 3}
  m_Name: 
  m_EditorClassIdentifier: 
  m_Material: {fileID: 0}
  m_Color: {r: 1, g: 1, b: 1, a: 1}
  m_RaycastTarget: 1
  m_Maskable: 1
  m_OnCullStateChanged:
    m_PersistentCalls:
      m_Calls: []
  m_Sprite: {fileID: 21300000, guid: 00d1b2e4a729ac84083bcc42d652ed29, type: 3}
  m_Type: 0
  m_PreserveAspect: 0
  m_FillCenter: 1
  m_FillMethod: 4
  m_FillAmount: 1
  m_FillClockwise: 1
  m_FillOrigin: 0
  m_UseSpriteMesh: 0
  m_PixelsPerUnitMultiplier: 1
--- !u!114 &2049695208155726151
MonoBehaviour:
  m_ObjectHideFlags: 0
  m_CorrespondingSourceObject: {fileID: 0}
  m_PrefabInstance: {fileID: 0}
  m_PrefabAsset: {fileID: 0}
  m_GameObject: {fileID: 2049695208155726147}
  m_Enabled: 1
  m_EditorHideFlags: 0
  m_Script: {fileID: 11500000, guid: 4e29b1a8efbd4b44bb3f3716e73f07ff, type: 3}
  m_Name: 
  m_EditorClassIdentifier: 
  m_Navigation:
    m_Mode: 3
    m_SelectOnUp: {fileID: 0}
    m_SelectOnDown: {fileID: 0}
    m_SelectOnLeft: {fileID: 0}
    m_SelectOnRight: {fileID: 0}
  m_Transition: 1
  m_Colors:
    m_NormalColor: {r: 1, g: 1, b: 1, a: 1}
    m_HighlightedColor: {r: 0.9607843, g: 0.9607843, b: 0.9607843, a: 1}
    m_PressedColor: {r: 0.78431374, g: 0.78431374, b: 0.78431374, a: 1}
    m_SelectedColor: {r: 0.9607843, g: 0.9607843, b: 0.9607843, a: 1}
    m_DisabledColor: {r: 0.78431374, g: 0.78431374, b: 0.78431374, a: 0.5019608}
    m_ColorMultiplier: 1
    m_FadeDuration: 0.1
  m_SpriteState:
    m_HighlightedSprite: {fileID: 0}
    m_PressedSprite: {fileID: 0}
    m_SelectedSprite: {fileID: 0}
    m_DisabledSprite: {fileID: 0}
  m_AnimationTriggers:
    m_NormalTrigger: Normal
    m_HighlightedTrigger: Highlighted
    m_PressedTrigger: Pressed
    m_SelectedTrigger: Selected
    m_DisabledTrigger: Disabled
  m_Interactable: 1
  m_TargetGraphic: {fileID: 2049695208155726150}
  m_OnClick:
    m_PersistentCalls:
      m_Calls: []
--- !u!225 &2049695208155726144
CanvasGroup:
  m_ObjectHideFlags: 0
  m_CorrespondingSourceObject: {fileID: 0}
  m_PrefabInstance: {fileID: 0}
  m_PrefabAsset: {fileID: 0}
  m_GameObject: {fileID: 2049695208155726147}
  m_Enabled: 1
  m_Alpha: 1
  m_Interactable: 1
  m_BlocksRaycasts: 1
  m_IgnoreParentGroups: 0
--- !u!114 &2049695208155726145
MonoBehaviour:
  m_ObjectHideFlags: 0
  m_CorrespondingSourceObject: {fileID: 0}
  m_PrefabInstance: {fileID: 0}
  m_PrefabAsset: {fileID: 0}
  m_GameObject: {fileID: 2049695208155726147}
  m_Enabled: 1
  m_EditorHideFlags: 0
  m_Script: {fileID: 11500000, guid: 5de97447117cb7641adf7b8245cbf8dd, type: 3}
  m_Name: 
  m_EditorClassIdentifier: 
  startDelay: 0.1
  animationSpeed: 1
  onEnable: 1
  onEnableAndStart: 0
--- !u!1 &2049695208349208201
GameObject:
  m_ObjectHideFlags: 0
  m_CorrespondingSourceObject: {fileID: 0}
  m_PrefabInstance: {fileID: 0}
  m_PrefabAsset: {fileID: 0}
  serializedVersion: 6
  m_Component:
  - component: {fileID: 2049695208349208200}
  - component: {fileID: 2049695208349208206}
  - component: {fileID: 2049695208349208207}
  m_Layer: 0
  m_Name: Text (TMP)
  m_TagString: Untagged
  m_Icon: {fileID: 0}
  m_NavMeshLayer: 0
  m_StaticEditorFlags: 0
  m_IsActive: 0
--- !u!224 &2049695208349208200
RectTransform:
  m_ObjectHideFlags: 0
  m_CorrespondingSourceObject: {fileID: 0}
  m_PrefabInstance: {fileID: 0}
  m_PrefabAsset: {fileID: 0}
  m_GameObject: {fileID: 2049695208349208201}
  m_LocalRotation: {x: 0, y: 0, z: 0, w: 1}
  m_LocalPosition: {x: 0, y: 0, z: 0}
  m_LocalScale: {x: 1, y: 1, z: 1}
  m_Children: []
  m_Father: {fileID: 2049695208155726146}
  m_RootOrder: 0
  m_LocalEulerAnglesHint: {x: 0, y: 0, z: 0}
  m_AnchorMin: {x: 0, y: 0}
  m_AnchorMax: {x: 1, y: 1}
  m_AnchoredPosition: {x: 0, y: 0}
  m_SizeDelta: {x: 0, y: 0}
  m_Pivot: {x: 0.5, y: 0.5}
--- !u!222 &2049695208349208206
CanvasRenderer:
  m_ObjectHideFlags: 0
  m_CorrespondingSourceObject: {fileID: 0}
  m_PrefabInstance: {fileID: 0}
  m_PrefabAsset: {fileID: 0}
  m_GameObject: {fileID: 2049695208349208201}
  m_CullTransparentMesh: 0
--- !u!114 &2049695208349208207
MonoBehaviour:
  m_ObjectHideFlags: 0
  m_CorrespondingSourceObject: {fileID: 0}
  m_PrefabInstance: {fileID: 0}
  m_PrefabAsset: {fileID: 0}
  m_GameObject: {fileID: 2049695208349208201}
  m_Enabled: 1
  m_EditorHideFlags: 0
  m_Script: {fileID: 11500000, guid: f4688fdb7df04437aeb418b961361dc5, type: 3}
  m_Name: 
  m_EditorClassIdentifier: 
  m_Material: {fileID: 0}
  m_Color: {r: 1, g: 1, b: 1, a: 1}
  m_RaycastTarget: 1
  m_Maskable: 1
  m_OnCullStateChanged:
    m_PersistentCalls:
      m_Calls: []
  m_text: Next
  m_isRightToLeft: 0
  m_fontAsset: {fileID: 11400000, guid: b3f25c4ed235d334c958c29fd58c22d1, type: 2}
  m_sharedMaterial: {fileID: 2734180842910927710, guid: b3f25c4ed235d334c958c29fd58c22d1,
    type: 2}
  m_fontSharedMaterials: []
  m_fontMaterial: {fileID: 0}
  m_fontMaterials: []
  m_fontColor32:
    serializedVersion: 2
    rgba: 4281479730
  m_fontColor: {r: 0.19607843, g: 0.19607843, b: 0.19607843, a: 1}
  m_enableVertexGradient: 0
  m_colorMode: 3
  m_fontColorGradient:
    topLeft: {r: 1, g: 1, b: 1, a: 1}
    topRight: {r: 1, g: 1, b: 1, a: 1}
    bottomLeft: {r: 1, g: 1, b: 1, a: 1}
    bottomRight: {r: 1, g: 1, b: 1, a: 1}
  m_fontColorGradientPreset: {fileID: 0}
  m_spriteAsset: {fileID: 0}
  m_tintAllSprites: 0
  m_StyleSheet: {fileID: 0}
  m_TextStyleHashCode: -1183493901
  m_overrideHtmlColors: 0
  m_faceColor:
    serializedVersion: 2
    rgba: 4294967295
  m_fontSize: 73.59
  m_fontSizeBase: 73.59
  m_fontWeight: 400
  m_enableAutoSizing: 0
  m_fontSizeMin: 18
  m_fontSizeMax: 72
  m_fontStyle: 0
  m_HorizontalAlignment: 2
  m_VerticalAlignment: 512
  m_textAlignment: 65535
  m_characterSpacing: 0
  m_wordSpacing: 0
  m_lineSpacing: 0
  m_lineSpacingMax: 0
  m_paragraphSpacing: 0
  m_charWidthMaxAdj: 0
  m_enableWordWrapping: 1
  m_wordWrappingRatios: 0.4
  m_overflowMode: 0
  m_linkedTextComponent: {fileID: 0}
  parentLinkedComponent: {fileID: 0}
  m_enableKerning: 1
  m_enableExtraPadding: 0
  checkPaddingRequired: 0
  m_isRichText: 1
  m_parseCtrlCharacters: 1
  m_isOrthographic: 1
  m_isCullingEnabled: 0
  m_horizontalMapping: 0
  m_verticalMapping: 0
  m_uvLineOffset: 0
  m_geometrySortingOrder: 0
  m_IsTextObjectScaleStatic: 0
  m_VertexBufferAutoSizeReduction: 0
  m_useMaxVisibleDescender: 1
  m_pageToDisplay: 1
  m_margin: {x: 0, y: 0, z: 0, w: 0}
  m_isUsingLegacyAnimationComponent: 0
  m_isVolumetricText: 0
  m_hasFontAssetChanged: 0
  m_baseMaterial: {fileID: 0}
  m_maskOffset: {x: 0, y: 0, z: 0, w: 0}
--- !u!1 &2049695208782610848
GameObject:
  m_ObjectHideFlags: 0
  m_CorrespondingSourceObject: {fileID: 0}
  m_PrefabInstance: {fileID: 0}
  m_PrefabAsset: {fileID: 0}
  serializedVersion: 6
  m_Component:
  - component: {fileID: 2049695208782610855}
  - component: {fileID: 2049695208782610853}
  - component: {fileID: 2049695208782610854}
  m_Layer: 0
  m_Name: Image (2)
  m_TagString: Untagged
  m_Icon: {fileID: 0}
  m_NavMeshLayer: 0
  m_StaticEditorFlags: 0
  m_IsActive: 0
--- !u!224 &2049695208782610855
RectTransform:
  m_ObjectHideFlags: 0
  m_CorrespondingSourceObject: {fileID: 0}
  m_PrefabInstance: {fileID: 0}
  m_PrefabAsset: {fileID: 0}
  m_GameObject: {fileID: 2049695208782610848}
  m_LocalRotation: {x: 0, y: 0, z: 0, w: 1}
  m_LocalPosition: {x: 0, y: 0, z: 0.0017932456}
  m_LocalScale: {x: 1, y: 1, z: 1}
  m_Children: []
  m_Father: {fileID: 2049695209279443948}
  m_RootOrder: 1
  m_LocalEulerAnglesHint: {x: 0, y: 0, z: 0}
  m_AnchorMin: {x: 0, y: 0}
  m_AnchorMax: {x: 1, y: 1}
  m_AnchoredPosition: {x: 0.0007324219, y: 0}
  m_SizeDelta: {x: 0, y: 0}
  m_Pivot: {x: 0.5, y: 0.5}
--- !u!222 &2049695208782610853
CanvasRenderer:
  m_ObjectHideFlags: 0
  m_CorrespondingSourceObject: {fileID: 0}
  m_PrefabInstance: {fileID: 0}
  m_PrefabAsset: {fileID: 0}
  m_GameObject: {fileID: 2049695208782610848}
  m_CullTransparentMesh: 0
--- !u!114 &2049695208782610854
MonoBehaviour:
  m_ObjectHideFlags: 0
  m_CorrespondingSourceObject: {fileID: 0}
  m_PrefabInstance: {fileID: 0}
  m_PrefabAsset: {fileID: 0}
  m_GameObject: {fileID: 2049695208782610848}
  m_Enabled: 1
  m_EditorHideFlags: 0
  m_Script: {fileID: 11500000, guid: fe87c0e1cc204ed48ad3b37840f39efc, type: 3}
  m_Name: 
  m_EditorClassIdentifier: 
  m_Material: {fileID: 0}
  m_Color: {r: 0.33962262, g: 0.33962262, b: 0.33962262, a: 1}
  m_RaycastTarget: 1
  m_Maskable: 1
  m_OnCullStateChanged:
    m_PersistentCalls:
      m_Calls: []
  m_Sprite: {fileID: 1282028943509491997, guid: 72f7a32ac9c7676409eb438757bc6b4a,
    type: 3}
  m_Type: 0
  m_PreserveAspect: 0
  m_FillCenter: 1
  m_FillMethod: 4
  m_FillAmount: 1
  m_FillClockwise: 1
  m_FillOrigin: 0
  m_UseSpriteMesh: 0
  m_PixelsPerUnitMultiplier: 1
--- !u!1 &2049695208992830901
GameObject:
  m_ObjectHideFlags: 0
  m_CorrespondingSourceObject: {fileID: 0}
  m_PrefabInstance: {fileID: 0}
  m_PrefabAsset: {fileID: 0}
  serializedVersion: 6
  m_Component:
  - component: {fileID: 2049695208992830900}
  - component: {fileID: 2049695208992830906}
  - component: {fileID: 2049695208992830907}
  - component: {fileID: 5497995385447501479}
  - component: {fileID: 5497995385447501478}
  m_Layer: 0
  m_Name: Image (1)
  m_TagString: Untagged
  m_Icon: {fileID: 0}
  m_NavMeshLayer: 0
  m_StaticEditorFlags: 0
  m_IsActive: 0
--- !u!224 &2049695208992830900
RectTransform:
  m_ObjectHideFlags: 0
  m_CorrespondingSourceObject: {fileID: 0}
  m_PrefabInstance: {fileID: 0}
  m_PrefabAsset: {fileID: 0}
  m_GameObject: {fileID: 2049695208992830901}
  m_LocalRotation: {x: 0, y: 0, z: 0.2588191, w: 0.9659258}
  m_LocalPosition: {x: 0, y: 0, z: 0}
  m_LocalScale: {x: 2, y: 2, z: 2}
  m_Children: []
  m_Father: {fileID: 2049695209279443948}
  m_RootOrder: 0
  m_LocalEulerAnglesHint: {x: 0, y: 0, z: 30}
  m_AnchorMin: {x: 0.5, y: 1}
  m_AnchorMax: {x: 0.5, y: 1}
  m_AnchoredPosition: {x: -100, y: -220}
  m_SizeDelta: {x: 1000, y: 400}
  m_Pivot: {x: 0.5, y: 1}
--- !u!222 &2049695208992830906
CanvasRenderer:
  m_ObjectHideFlags: 0
  m_CorrespondingSourceObject: {fileID: 0}
  m_PrefabInstance: {fileID: 0}
  m_PrefabAsset: {fileID: 0}
  m_GameObject: {fileID: 2049695208992830901}
  m_CullTransparentMesh: 0
--- !u!114 &2049695208992830907
MonoBehaviour:
  m_ObjectHideFlags: 0
  m_CorrespondingSourceObject: {fileID: 0}
  m_PrefabInstance: {fileID: 0}
  m_PrefabAsset: {fileID: 0}
  m_GameObject: {fileID: 2049695208992830901}
  m_Enabled: 1
  m_EditorHideFlags: 0
  m_Script: {fileID: 11500000, guid: fe87c0e1cc204ed48ad3b37840f39efc, type: 3}
  m_Name: 
  m_EditorClassIdentifier: 
  m_Material: {fileID: 0}
  m_Color: {r: 1, g: 1, b: 1, a: 1}
  m_RaycastTarget: 1
  m_Maskable: 1
  m_OnCullStateChanged:
    m_PersistentCalls:
      m_Calls: []
  m_Sprite: {fileID: 21300000, guid: 54ef34cee3b3969499637308b167da6a, type: 3}
  m_Type: 0
  m_PreserveAspect: 0
  m_FillCenter: 1
  m_FillMethod: 4
  m_FillAmount: 1
  m_FillClockwise: 1
  m_FillOrigin: 0
  m_UseSpriteMesh: 0
  m_PixelsPerUnitMultiplier: 1
--- !u!225 &5497995385447501479
CanvasGroup:
  m_ObjectHideFlags: 0
  m_CorrespondingSourceObject: {fileID: 0}
  m_PrefabInstance: {fileID: 0}
  m_PrefabAsset: {fileID: 0}
  m_GameObject: {fileID: 2049695208992830901}
  m_Enabled: 1
  m_Alpha: 1
  m_Interactable: 1
  m_BlocksRaycasts: 1
  m_IgnoreParentGroups: 0
--- !u!114 &5497995385447501478
MonoBehaviour:
  m_ObjectHideFlags: 0
  m_CorrespondingSourceObject: {fileID: 0}
  m_PrefabInstance: {fileID: 0}
  m_PrefabAsset: {fileID: 0}
  m_GameObject: {fileID: 2049695208992830901}
  m_Enabled: 1
  m_EditorHideFlags: 0
  m_Script: {fileID: 11500000, guid: 5de97447117cb7641adf7b8245cbf8dd, type: 3}
  m_Name: 
  m_EditorClassIdentifier: 
  startDelay: 0.1
  animationSpeed: 1
  onEnable: 0
  onEnableAndStart: 0
--- !u!1 &2049695209279443949
GameObject:
  m_ObjectHideFlags: 0
  m_CorrespondingSourceObject: {fileID: 0}
  m_PrefabInstance: {fileID: 0}
  m_PrefabAsset: {fileID: 0}
  serializedVersion: 6
  m_Component:
  - component: {fileID: 2049695209279443948}
  - component: {fileID: 2049695209279443729}
  - component: {fileID: 2049695209279443730}
  - component: {fileID: 2049695209279443731}
  m_Layer: 0
  m_Name: Lose_game UI
  m_TagString: Untagged
  m_Icon: {fileID: 0}
  m_NavMeshLayer: 0
  m_StaticEditorFlags: 0
  m_IsActive: 0
--- !u!224 &2049695209279443948
RectTransform:
  m_ObjectHideFlags: 0
  m_CorrespondingSourceObject: {fileID: 0}
  m_PrefabInstance: {fileID: 0}
  m_PrefabAsset: {fileID: 0}
  m_GameObject: {fileID: 2049695209279443949}
  m_LocalRotation: {x: 0, y: 0, z: 0, w: 1}
  m_LocalPosition: {x: 0, y: 0, z: 0}
  m_LocalScale: {x: 1, y: 1, z: 1}
  m_Children:
  - {fileID: 2049695208992830900}
  - {fileID: 2049695208782610855}
  - {fileID: 2049695208155726146}
  - {fileID: 5497995385237358416}
  - {fileID: 5497995384328134522}
  m_Father: {fileID: 0}
  m_RootOrder: 0
  m_LocalEulerAnglesHint: {x: 0, y: 0, z: 0}
  m_AnchorMin: {x: 0, y: 0}
  m_AnchorMax: {x: 1, y: 1}
  m_AnchoredPosition: {x: 0, y: 0}
  m_SizeDelta: {x: 0, y: 0}
  m_Pivot: {x: 0.5, y: 0.5}
--- !u!222 &2049695209279443729
CanvasRenderer:
  m_ObjectHideFlags: 0
  m_CorrespondingSourceObject: {fileID: 0}
  m_PrefabInstance: {fileID: 0}
  m_PrefabAsset: {fileID: 0}
  m_GameObject: {fileID: 2049695209279443949}
  m_CullTransparentMesh: 0
--- !u!114 &2049695209279443730
MonoBehaviour:
  m_ObjectHideFlags: 0
  m_CorrespondingSourceObject: {fileID: 0}
  m_PrefabInstance: {fileID: 0}
  m_PrefabAsset: {fileID: 0}
  m_GameObject: {fileID: 2049695209279443949}
  m_Enabled: 0
  m_EditorHideFlags: 0
  m_Script: {fileID: 11500000, guid: fe87c0e1cc204ed48ad3b37840f39efc, type: 3}
  m_Name: 
  m_EditorClassIdentifier: 
  m_Material: {fileID: 0}
  m_Color: {r: 0, g: 0, b: 0, a: 0.8666667}
  m_RaycastTarget: 0
  m_Maskable: 0
  m_OnCullStateChanged:
    m_PersistentCalls:
      m_Calls: []
  m_Sprite: {fileID: 1282028943509491997, guid: 72f7a32ac9c7676409eb438757bc6b4a,
    type: 3}
  m_Type: 0
  m_PreserveAspect: 0
  m_FillCenter: 1
  m_FillMethod: 4
  m_FillAmount: 1
  m_FillClockwise: 1
  m_FillOrigin: 0
  m_UseSpriteMesh: 0
  m_PixelsPerUnitMultiplier: 1
--- !u!114 &2049695209279443731
MonoBehaviour:
  m_ObjectHideFlags: 0
  m_CorrespondingSourceObject: {fileID: 0}
  m_PrefabInstance: {fileID: 0}
  m_PrefabAsset: {fileID: 0}
  m_GameObject: {fileID: 2049695209279443949}
  m_Enabled: 1
  m_EditorHideFlags: 0
  m_Script: {fileID: 11500000, guid: 6da43522623d4704e979466dc7650b65, type: 3}
  m_Name: 
  m_EditorClassIdentifier: 
  Feedbacks: []
  InitializationMode: 1
  SafeMode: 3
  Direction: 0
  AutoChangeDirectionOnEnd: 0
  AutoPlayOnStart: 0
  AutoPlayOnEnable: 1
  ForceTimescaleMode: 0
  ForcedTimescaleMode: 1
  DurationMultiplier: 1
  DisplayFullDurationDetails: 0
  CooldownDuration: 0
  InitialDelay: 0
  CanPlayWhileAlreadyPlaying: 1
  ChanceToPlay: 100
  FeedbacksIntensity: 1
  Events:
    TriggerMMFeedbacksEvents: 0
    TriggerUnityEvents: 1
    OnPlay:
      m_PersistentCalls:
        m_Calls: []
    OnPause:
      m_PersistentCalls:
        m_Calls: []
    OnResume:
      m_PersistentCalls:
        m_Calls: []
    OnRevert:
      m_PersistentCalls:
        m_Calls: []
    OnComplete:
      m_PersistentCalls:
        m_Calls: []
  DebugActive: 0
  FeedbacksList:
  - id: 0
  - id: 1
  - id: 2
  - id: 3
  - id: 4
  - id: 5
  KeepPlayModeChanges: 0
  PerformanceMode: 0
  references:
    version: 1
    00000000:
      type: {class: MMF_Pause, ns: MoreMountains.Feedbacks, asm: MoreMountains.Feedbacks}
      data:
        Active: 0
        UniqueID: 810457349
        Label: Pause
        Channel: 0
        Chance: 100
        DisplayColor: {r: 0, g: 0, b: 0, a: 1}
        Timing:
          TimescaleMode: 0
          ExcludeFromHoldingPauses: 0
          ContributeToTotalDuration: 1
          InitialDelay: 0
          CooldownDuration: 0
          InterruptsOnStop: 1
          NumberOfRepeats: 0
          RepeatForever: 0
          DelayBetweenRepeats: 1
          MMFeedbacksDirectionCondition: 0
          PlayDirection: 0
          ConstantIntensity: 0
          UseIntensityInterval: 0
          IntensityIntervalMin: 0
          IntensityIntervalMax: 0
          Sequence: {fileID: 0}
          TrackID: 0
          Quantized: 0
          TargetBPM: 120
        Owner: {fileID: 2049695209279443731}
        DebugActive: 0
        PauseDuration: 1
        RandomizePauseDuration: 0
        MinPauseDuration: 1
        MaxPauseDuration: 3
        RandomizeOnEachPlay: 1
        ScriptDriven: 0
        AutoResume: 0
        AutoResumeAfter: 0.25
    00000001:
      type: {class: MMF_Sound, ns: MoreMountains.Feedbacks, asm: MoreMountains.Feedbacks.MMTools}
      data:
        Active: 0
        UniqueID: 652751343
        Label: Sound
        Channel: 0
        Chance: 100
        DisplayColor: {r: 0, g: 0, b: 0, a: 1}
        Timing:
          TimescaleMode: 0
          ExcludeFromHoldingPauses: 0
          ContributeToTotalDuration: 1
          InitialDelay: 0
          CooldownDuration: 0
          InterruptsOnStop: 1
          NumberOfRepeats: 0
          RepeatForever: 0
          DelayBetweenRepeats: 1
          MMFeedbacksDirectionCondition: 0
          PlayDirection: 0
          ConstantIntensity: 0
          UseIntensityInterval: 0
          IntensityIntervalMin: 0
          IntensityIntervalMax: 0
          Sequence: {fileID: 0}
          TrackID: 0
          Quantized: 0
          TargetBPM: 120
        Owner: {fileID: 2049695209279443731}
        DebugActive: 0
        Sfx: {fileID: 8300000, guid: 1c1c8b3690321464da28cb4efac37a31, type: 3}
        RandomSfx: []
        TestPlayButton:
          ButtonText: Debug Play Sound
        TestStopButton:
          ButtonText: Debug Stop Sound
        PlayMethod: 2
        PoolSize: 10
        MinVolume: 1
        MaxVolume: 1
        MinPitch: 1
        MaxPitch: 1
        SfxAudioMixerGroup: {fileID: 0}
    00000002:
      type: {class: MMF_SetActive, ns: MoreMountains.Feedbacks, asm: MoreMountains.Feedbacks}
      data:
        Active: 0
        UniqueID: -167941635
        Label: Set Active
        Channel: 0
        Chance: 100
        DisplayColor: {r: 0, g: 0, b: 0, a: 1}
        Timing:
          TimescaleMode: 0
          ExcludeFromHoldingPauses: 0
          ContributeToTotalDuration: 1
          InitialDelay: 0
          CooldownDuration: 0
          InterruptsOnStop: 1
          NumberOfRepeats: 0
          RepeatForever: 0
          DelayBetweenRepeats: 1
          MMFeedbacksDirectionCondition: 0
          PlayDirection: 0
          ConstantIntensity: 0
          UseIntensityInterval: 0
          IntensityIntervalMin: 0
          IntensityIntervalMax: 0
          Sequence: {fileID: 0}
          TrackID: 0
          Quantized: 0
          TargetBPM: 120
        Owner: {fileID: 2049695209279443731}
        DebugActive: 0
        TargetGameObject: {fileID: 5497995385237358423}
        SetStateOnInit: 1
        StateOnInit: 1
        SetStateOnPlay: 1
        StateOnPlay: 0
        SetStateOnStop: 0
        StateOnStop: 1
        SetStateOnReset: 0
        StateOnReset: 1
    00000003:
      type: {class: MMF_Pause, ns: MoreMountains.Feedbacks, asm: MoreMountains.Feedbacks}
      data:
        Active: 0
        UniqueID: -1987424137
        Label: Pause
        Channel: 0
        Chance: 100
        DisplayColor: {r: 0, g: 0, b: 0, a: 1}
        Timing:
          TimescaleMode: 0
          ExcludeFromHoldingPauses: 0
          ContributeToTotalDuration: 1
          InitialDelay: 0
          CooldownDuration: 0
          InterruptsOnStop: 1
          NumberOfRepeats: 0
          RepeatForever: 0
          DelayBetweenRepeats: 1
          MMFeedbacksDirectionCondition: 0
          PlayDirection: 0
          ConstantIntensity: 0
          UseIntensityInterval: 0
          IntensityIntervalMin: 0
          IntensityIntervalMax: 0
          Sequence: {fileID: 0}
          TrackID: 0
          Quantized: 0
          TargetBPM: 120
        Owner: {fileID: 2049695209279443731}
        DebugActive: 0
        PauseDuration: 3
        RandomizePauseDuration: 0
        MinPauseDuration: 0
        MaxPauseDuration: 0
        RandomizeOnEachPlay: 0
        ScriptDriven: 0
        AutoResume: 0
        AutoResumeAfter: 0
    00000004:
      type: {class: MMF_SetActive, ns: MoreMountains.Feedbacks, asm: MoreMountains.Feedbacks}
      data:
        Active: 1
        UniqueID: 1814964442
        Label: Set Active
        Channel: 0
        Chance: 100
        DisplayColor: {r: 0, g: 0, b: 0, a: 1}
        Timing:
          TimescaleMode: 0
          ExcludeFromHoldingPauses: 0
          ContributeToTotalDuration: 1
          InitialDelay: 0
          CooldownDuration: 0
          InterruptsOnStop: 1
          NumberOfRepeats: 0
          RepeatForever: 0
          DelayBetweenRepeats: 1
          MMFeedbacksDirectionCondition: 0
          PlayDirection: 0
          ConstantIntensity: 0
          UseIntensityInterval: 0
          IntensityIntervalMin: 0
          IntensityIntervalMax: 0
          Sequence: {fileID: 0}
          TrackID: 0
          Quantized: 0
          TargetBPM: 120
        Owner: {fileID: 2049695209279443731}
        DebugActive: 0
        TargetGameObject: {fileID: 5497995384328134521}
        SetStateOnInit: 1
        StateOnInit: 1
        SetStateOnPlay: 1
        StateOnPlay: 0
        SetStateOnStop: 0
        StateOnStop: 1
        SetStateOnReset: 0
        StateOnReset: 1
    00000005:
      type: {class: MMF_Scale, ns: MoreMountains.Feedbacks, asm: MoreMountains.Feedbacks}
      data:
        Active: 0
        UniqueID: -128568570
        Label: Scale
        Channel: 0
        Chance: 100
        DisplayColor: {r: 0, g: 0, b: 0, a: 1}
        Timing:
          TimescaleMode: 0
          ExcludeFromHoldingPauses: 0
          ContributeToTotalDuration: 1
          InitialDelay: 0
          CooldownDuration: 0
          InterruptsOnStop: 1
          NumberOfRepeats: 0
          RepeatForever: 0
          DelayBetweenRepeats: 1
          MMFeedbacksDirectionCondition: 0
          PlayDirection: 0
          ConstantIntensity: 0
          UseIntensityInterval: 0
          IntensityIntervalMin: 0
          IntensityIntervalMax: 0
          Sequence: {fileID: 0}
          TrackID: 0
          Quantized: 0
          TargetBPM: 120
        Owner: {fileID: 2049695209279443731}
        DebugActive: 0
        Mode: 2
        AnimateScaleTarget: {fileID: 5497995385168189489}
        AnimateScaleDuration: 0.8
        RemapCurveZero: 1
        RemapCurveOne: 2
        Offset: 0
        AnimateX: 1
        AnimateScaleX:
          serializedVersion: 2
          m_Curve:
          - serializedVersion: 3
            time: 0
            value: 0
            inSlope: 0
            outSlope: 0
            tangentMode: 0
            weightedMode: 0
            inWeight: 0
            outWeight: 0
          - serializedVersion: 3
            time: 1
            value: 1
            inSlope: 0
            outSlope: 0
            tangentMode: 0
            weightedMode: 0
            inWeight: 0
            outWeight: 0
          m_PreInfinity: 0
          m_PostInfinity: 0
          m_RotationOrder: 0
        AnimateY: 1
        AnimateScaleY:
          serializedVersion: 2
          m_Curve:
          - serializedVersion: 3
            time: 0
            value: 0
            inSlope: 0
            outSlope: 0
            tangentMode: 0
            weightedMode: 0
            inWeight: 0
            outWeight: 0
          - serializedVersion: 3
            time: 1
            value: 1
            inSlope: 0
            outSlope: 0
            tangentMode: 0
            weightedMode: 0
            inWeight: 0
            outWeight: 0
          m_PreInfinity: 0
          m_PostInfinity: 0
          m_RotationOrder: 0
        AnimateZ: 1
        AnimateScaleZ:
          serializedVersion: 2
          m_Curve:
          - serializedVersion: 3
            time: 0
            value: 0
            inSlope: 0
            outSlope: 0
            tangentMode: 0
            weightedMode: 0
            inWeight: 0
            outWeight: 0
          - serializedVersion: 3
            time: 1
            value: 1
            inSlope: 0
            outSlope: 0
            tangentMode: 0
            weightedMode: 0
            inWeight: 0
            outWeight: 0
          m_PreInfinity: 0
          m_PostInfinity: 0
          m_RotationOrder: 0
        UniformScaling: 0
        AllowAdditivePlays: 0
        DetermineScaleOnPlay: 0
        DestinationScale: {x: 1, y: 1, z: 1}
--- !u!1 &5497995383923842446
GameObject:
  m_ObjectHideFlags: 0
  m_CorrespondingSourceObject: {fileID: 0}
  m_PrefabInstance: {fileID: 0}
  m_PrefabAsset: {fileID: 0}
  serializedVersion: 6
  m_Component:
  - component: {fileID: 5497995383923842447}
  - component: {fileID: 5497995383923842452}
  - component: {fileID: 5497995383923842443}
  - component: {fileID: 5497995383923842442}
  - component: {fileID: 5497995383923842441}
  - component: {fileID: 5497995383923842440}
  m_Layer: 0
  m_Name: Next (1)
  m_TagString: Untagged
  m_Icon: {fileID: 0}
  m_NavMeshLayer: 0
  m_StaticEditorFlags: 0
  m_IsActive: 1
--- !u!224 &5497995383923842447
RectTransform:
  m_ObjectHideFlags: 0
  m_CorrespondingSourceObject: {fileID: 0}
  m_PrefabInstance: {fileID: 0}
  m_PrefabAsset: {fileID: 0}
  m_GameObject: {fileID: 5497995383923842446}
  m_LocalRotation: {x: -0, y: -0, z: -0, w: 1}
  m_LocalPosition: {x: 0, y: 0, z: 0.0029535808}
  m_LocalScale: {x: 1, y: 1, z: 1}
  m_Children:
  - {fileID: 5497995385550078795}
  m_Father: {fileID: 5497995384328134522}
  m_RootOrder: 1
  m_LocalEulerAnglesHint: {x: 0, y: 0, z: 0}
  m_AnchorMin: {x: 0.5, y: 0}
  m_AnchorMax: {x: 0.5, y: 0}
  m_AnchoredPosition: {x: 0, y: 100.00275}
  m_SizeDelta: {x: 402, y: 183}
  m_Pivot: {x: 0.5, y: 0}
--- !u!222 &5497995383923842452
CanvasRenderer:
  m_ObjectHideFlags: 0
  m_CorrespondingSourceObject: {fileID: 0}
  m_PrefabInstance: {fileID: 0}
  m_PrefabAsset: {fileID: 0}
  m_GameObject: {fileID: 5497995383923842446}
  m_CullTransparentMesh: 0
--- !u!114 &5497995383923842443
MonoBehaviour:
  m_ObjectHideFlags: 0
  m_CorrespondingSourceObject: {fileID: 0}
  m_PrefabInstance: {fileID: 0}
  m_PrefabAsset: {fileID: 0}
  m_GameObject: {fileID: 5497995383923842446}
  m_Enabled: 1
  m_EditorHideFlags: 0
  m_Script: {fileID: 11500000, guid: fe87c0e1cc204ed48ad3b37840f39efc, type: 3}
  m_Name: 
  m_EditorClassIdentifier: 
  m_Material: {fileID: 0}
  m_Color: {r: 1, g: 0.36320752, b: 0.36320752, a: 1}
  m_RaycastTarget: 1
  m_Maskable: 1
  m_OnCullStateChanged:
    m_PersistentCalls:
      m_Calls: []
  m_Sprite: {fileID: 21300000, guid: 4e134730a112dec4e8467371c0aceda2, type: 3}
  m_Type: 0
  m_PreserveAspect: 0
  m_FillCenter: 1
  m_FillMethod: 4
  m_FillAmount: 1
  m_FillClockwise: 1
  m_FillOrigin: 0
  m_UseSpriteMesh: 0
  m_PixelsPerUnitMultiplier: 1
--- !u!114 &5497995383923842442
MonoBehaviour:
  m_ObjectHideFlags: 0
  m_CorrespondingSourceObject: {fileID: 0}
  m_PrefabInstance: {fileID: 0}
  m_PrefabAsset: {fileID: 0}
  m_GameObject: {fileID: 5497995383923842446}
  m_Enabled: 1
  m_EditorHideFlags: 0
  m_Script: {fileID: 11500000, guid: 4e29b1a8efbd4b44bb3f3716e73f07ff, type: 3}
  m_Name: 
  m_EditorClassIdentifier: 
  m_Navigation:
    m_Mode: 3
    m_SelectOnUp: {fileID: 0}
    m_SelectOnDown: {fileID: 0}
    m_SelectOnLeft: {fileID: 0}
    m_SelectOnRight: {fileID: 0}
  m_Transition: 1
  m_Colors:
    m_NormalColor: {r: 1, g: 1, b: 1, a: 1}
    m_HighlightedColor: {r: 0.9607843, g: 0.9607843, b: 0.9607843, a: 1}
    m_PressedColor: {r: 0.78431374, g: 0.78431374, b: 0.78431374, a: 1}
    m_SelectedColor: {r: 0.9607843, g: 0.9607843, b: 0.9607843, a: 1}
    m_DisabledColor: {r: 0.78431374, g: 0.78431374, b: 0.78431374, a: 0.5019608}
    m_ColorMultiplier: 1
    m_FadeDuration: 0.1
  m_SpriteState:
    m_HighlightedSprite: {fileID: 0}
    m_PressedSprite: {fileID: 0}
    m_SelectedSprite: {fileID: 0}
    m_DisabledSprite: {fileID: 0}
  m_AnimationTriggers:
    m_NormalTrigger: Normal
    m_HighlightedTrigger: Highlighted
    m_PressedTrigger: Pressed
    m_SelectedTrigger: Selected
    m_DisabledTrigger: Disabled
  m_Interactable: 1
  m_TargetGraphic: {fileID: 5497995383923842443}
  m_OnClick:
    m_PersistentCalls:
      m_Calls: []
--- !u!225 &5497995383923842441
CanvasGroup:
  m_ObjectHideFlags: 0
  m_CorrespondingSourceObject: {fileID: 0}
  m_PrefabInstance: {fileID: 0}
  m_PrefabAsset: {fileID: 0}
  m_GameObject: {fileID: 5497995383923842446}
  m_Enabled: 1
  m_Alpha: 1
  m_Interactable: 1
  m_BlocksRaycasts: 1
  m_IgnoreParentGroups: 0
--- !u!114 &5497995383923842440
MonoBehaviour:
  m_ObjectHideFlags: 0
  m_CorrespondingSourceObject: {fileID: 0}
  m_PrefabInstance: {fileID: 0}
  m_PrefabAsset: {fileID: 0}
  m_GameObject: {fileID: 5497995383923842446}
  m_Enabled: 1
  m_EditorHideFlags: 0
  m_Script: {fileID: 11500000, guid: 5de97447117cb7641adf7b8245cbf8dd, type: 3}
  m_Name: 
  m_EditorClassIdentifier: 
  startDelay: 0.1
  animationSpeed: 1
  onEnable: 1
  onEnableAndStart: 0
--- !u!1 &5497995384328134521
GameObject:
  m_ObjectHideFlags: 0
  m_CorrespondingSourceObject: {fileID: 0}
  m_PrefabInstance: {fileID: 0}
  m_PrefabAsset: {fileID: 0}
  serializedVersion: 6
  m_Component:
  - component: {fileID: 5497995384328134522}
  - component: {fileID: 5497995384328134534}
  - component: {fileID: 5497995384328134533}
  m_Layer: 0
  m_Name: Panel
  m_TagString: Untagged
  m_Icon: {fileID: 0}
  m_NavMeshLayer: 0
  m_StaticEditorFlags: 0
  m_IsActive: 1
--- !u!224 &5497995384328134522
RectTransform:
  m_ObjectHideFlags: 0
  m_CorrespondingSourceObject: {fileID: 0}
  m_PrefabInstance: {fileID: 0}
  m_PrefabAsset: {fileID: 0}
  m_GameObject: {fileID: 5497995384328134521}
  m_LocalRotation: {x: 0, y: 0, z: 0, w: 1}
  m_LocalPosition: {x: 0, y: 0, z: 0}
  m_LocalScale: {x: 1, y: 1, z: 1}
  m_Children:
  - {fileID: 5497995385168189489}
  - {fileID: 5497995383923842447}
  m_Father: {fileID: 2049695209279443948}
  m_RootOrder: 4
  m_LocalEulerAnglesHint: {x: 0, y: 0, z: 0}
  m_AnchorMin: {x: 0, y: 0}
  m_AnchorMax: {x: 1, y: 1}
  m_AnchoredPosition: {x: 0, y: -0.5}
  m_SizeDelta: {x: 0, y: 15}
  m_Pivot: {x: 0.5, y: 0.5}
--- !u!222 &5497995384328134534
CanvasRenderer:
  m_ObjectHideFlags: 0
  m_CorrespondingSourceObject: {fileID: 0}
  m_PrefabInstance: {fileID: 0}
  m_PrefabAsset: {fileID: 0}
  m_GameObject: {fileID: 5497995384328134521}
  m_CullTransparentMesh: 0
--- !u!114 &5497995384328134533
MonoBehaviour:
  m_ObjectHideFlags: 0
  m_CorrespondingSourceObject: {fileID: 0}
  m_PrefabInstance: {fileID: 0}
  m_PrefabAsset: {fileID: 0}
  m_GameObject: {fileID: 5497995384328134521}
  m_Enabled: 1
  m_EditorHideFlags: 0
  m_Script: {fileID: 11500000, guid: fe87c0e1cc204ed48ad3b37840f39efc, type: 3}
  m_Name: 
  m_EditorClassIdentifier: 
  m_Material: {fileID: 0}
  m_Color: {r: 0, g: 0, b: 0, a: 0.9490196}
  m_RaycastTarget: 0
  m_Maskable: 0
  m_OnCullStateChanged:
    m_PersistentCalls:
      m_Calls: []
  m_Sprite: {fileID: 1282028943509491997, guid: 72f7a32ac9c7676409eb438757bc6b4a,
    type: 3}
  m_Type: 0
  m_PreserveAspect: 0
  m_FillCenter: 1
  m_FillMethod: 4
  m_FillAmount: 1
  m_FillClockwise: 1
  m_FillOrigin: 0
  m_UseSpriteMesh: 0
  m_PixelsPerUnitMultiplier: 1
--- !u!1 &5497995385168189488
GameObject:
  m_ObjectHideFlags: 0
  m_CorrespondingSourceObject: {fileID: 0}
  m_PrefabInstance: {fileID: 0}
  m_PrefabAsset: {fileID: 0}
  serializedVersion: 6
  m_Component:
  - component: {fileID: 5497995385168189489}
  - component: {fileID: 5497995385168189501}
  - component: {fileID: 5497995385168189500}
  - component: {fileID: 5497995385168189491}
  - component: {fileID: 5497995385168189490}
  - component: {fileID: 5497995385168189502}
  m_Layer: 0
  m_Name: Fail
  m_TagString: Untagged
  m_Icon: {fileID: 0}
  m_NavMeshLayer: 0
  m_StaticEditorFlags: 0
  m_IsActive: 1
--- !u!224 &5497995385168189489
RectTransform:
  m_ObjectHideFlags: 0
  m_CorrespondingSourceObject: {fileID: 0}
  m_PrefabInstance: {fileID: 0}
  m_PrefabAsset: {fileID: 0}
  m_GameObject: {fileID: 5497995385168189488}
  m_LocalRotation: {x: 0.000000014901159, y: -0, z: 0.2588191, w: 0.9659258}
  m_LocalPosition: {x: 0, y: 0, z: -0.0010021077}
  m_LocalScale: {x: 1, y: 1, z: 1}
  m_Children: []
  m_Father: {fileID: 5497995384328134522}
  m_RootOrder: 0
  m_LocalEulerAnglesHint: {x: 0, y: 0, z: 30}
  m_AnchorMin: {x: 0.5, y: 1}
  m_AnchorMax: {x: 0.5, y: 1}
  m_AnchoredPosition: {x: -100, y: -500}
  m_SizeDelta: {x: 800, y: 300}
  m_Pivot: {x: 0.5, y: 1}
--- !u!222 &5497995385168189501
CanvasRenderer:
  m_ObjectHideFlags: 0
  m_CorrespondingSourceObject: {fileID: 0}
  m_PrefabInstance: {fileID: 0}
  m_PrefabAsset: {fileID: 0}
  m_GameObject: {fileID: 5497995385168189488}
  m_CullTransparentMesh: 0
--- !u!114 &5497995385168189500
MonoBehaviour:
  m_ObjectHideFlags: 0
  m_CorrespondingSourceObject: {fileID: 0}
  m_PrefabInstance: {fileID: 0}
  m_PrefabAsset: {fileID: 0}
  m_GameObject: {fileID: 5497995385168189488}
  m_Enabled: 1
  m_EditorHideFlags: 0
  m_Script: {fileID: 11500000, guid: fe87c0e1cc204ed48ad3b37840f39efc, type: 3}
  m_Name: 
  m_EditorClassIdentifier: 
  m_Material: {fileID: 0}
  m_Color: {r: 1, g: 1, b: 1, a: 1}
  m_RaycastTarget: 0
  m_Maskable: 1
  m_OnCullStateChanged:
    m_PersistentCalls:
      m_Calls: []
  m_Sprite: {fileID: 21300000, guid: 54ef34cee3b3969499637308b167da6a, type: 3}
  m_Type: 0
  m_PreserveAspect: 0
  m_FillCenter: 1
  m_FillMethod: 4
  m_FillAmount: 1
  m_FillClockwise: 1
  m_FillOrigin: 0
  m_UseSpriteMesh: 0
  m_PixelsPerUnitMultiplier: 1
--- !u!225 &5497995385168189491
CanvasGroup:
  m_ObjectHideFlags: 0
  m_CorrespondingSourceObject: {fileID: 0}
  m_PrefabInstance: {fileID: 0}
  m_PrefabAsset: {fileID: 0}
  m_GameObject: {fileID: 5497995385168189488}
  m_Enabled: 1
  m_Alpha: 1
  m_Interactable: 1
  m_BlocksRaycasts: 1
  m_IgnoreParentGroups: 0
--- !u!114 &5497995385168189490
MonoBehaviour:
  m_ObjectHideFlags: 0
  m_CorrespondingSourceObject: {fileID: 0}
  m_PrefabInstance: {fileID: 0}
  m_PrefabAsset: {fileID: 0}
  m_GameObject: {fileID: 5497995385168189488}
  m_Enabled: 1
  m_EditorHideFlags: 0
  m_Script: {fileID: 11500000, guid: 5de97447117cb7641adf7b8245cbf8dd, type: 3}
  m_Name: 
  m_EditorClassIdentifier: 
  startDelay: 0.1
  animationSpeed: 1
  onEnable: 0
  onEnableAndStart: 0
--- !u!95 &5497995385168189502
Animator:
  serializedVersion: 3
  m_ObjectHideFlags: 0
  m_CorrespondingSourceObject: {fileID: 0}
  m_PrefabInstance: {fileID: 0}
  m_PrefabAsset: {fileID: 0}
  m_GameObject: {fileID: 5497995385168189488}
  m_Enabled: 1
  m_Avatar: {fileID: 0}
  m_Controller: {fileID: 9100000, guid: 95b9d0579b611c54a8bcef0668baa8f1, type: 2}
  m_CullingMode: 0
  m_UpdateMode: 0
  m_ApplyRootMotion: 0
  m_LinearVelocityBlending: 0
  m_WarningMessage: 
  m_HasTransformHierarchy: 1
  m_AllowConstantClipSamplingOptimization: 1
  m_KeepAnimatorControllerStateOnDisable: 0
--- !u!1 &5497995385237358423
GameObject:
  m_ObjectHideFlags: 0
  m_CorrespondingSourceObject: {fileID: 0}
  m_PrefabInstance: {fileID: 0}
  m_PrefabAsset: {fileID: 0}
  serializedVersion: 6
  m_Component:
  - component: {fileID: 5497995385237358416}
  - component: {fileID: 5497995385237358419}
  - component: {fileID: 5497995385237358418}
  - component: {fileID: 5497995385237358417}
  - component: {fileID: 5497995385237358428}
  m_Layer: 0
  m_Name: Text_Top
  m_TagString: Untagged
  m_Icon: {fileID: 0}
  m_NavMeshLayer: 0
  m_StaticEditorFlags: 0
  m_IsActive: 0
--- !u!224 &5497995385237358416
RectTransform:
  m_ObjectHideFlags: 0
  m_CorrespondingSourceObject: {fileID: 0}
  m_PrefabInstance: {fileID: 0}
  m_PrefabAsset: {fileID: 0}
  m_GameObject: {fileID: 5497995385237358423}
  m_LocalRotation: {x: 0, y: 0, z: 0, w: 1}
  m_LocalPosition: {x: 0, y: 0, z: 0}
  m_LocalScale: {x: 1, y: 1, z: 1}
  m_Children: []
  m_Father: {fileID: 2049695209279443948}
  m_RootOrder: 3
  m_LocalEulerAnglesHint: {x: 0, y: 0, z: 0}
  m_AnchorMin: {x: 0, y: 1}
  m_AnchorMax: {x: 1, y: 1}
  m_AnchoredPosition: {x: 0, y: 0}
  m_SizeDelta: {x: 0, y: 300}
  m_Pivot: {x: 0.5, y: 1}
--- !u!222 &5497995385237358419
CanvasRenderer:
  m_ObjectHideFlags: 0
  m_CorrespondingSourceObject: {fileID: 0}
  m_PrefabInstance: {fileID: 0}
  m_PrefabAsset: {fileID: 0}
  m_GameObject: {fileID: 5497995385237358423}
  m_CullTransparentMesh: 0
--- !u!114 &5497995385237358418
MonoBehaviour:
  m_ObjectHideFlags: 0
  m_CorrespondingSourceObject: {fileID: 0}
  m_PrefabInstance: {fileID: 0}
  m_PrefabAsset: {fileID: 0}
  m_GameObject: {fileID: 5497995385237358423}
  m_Enabled: 1
  m_EditorHideFlags: 0
  m_Script: {fileID: 11500000, guid: f4688fdb7df04437aeb418b961361dc5, type: 3}
  m_Name: 
  m_EditorClassIdentifier: 
  m_Material: {fileID: 0}
  m_Color: {r: 1, g: 1, b: 1, a: 1}
  m_RaycastTarget: 1
  m_Maskable: 1
  m_OnCullStateChanged:
    m_PersistentCalls:
      m_Calls: []
  m_text: "THERE IS BLOOD\n ON MY DRESS!"
  m_isRightToLeft: 0
  m_fontAsset: {fileID: 11400000, guid: 199c02a37508e1f4aa6856f1766d5bfe, type: 2}
  m_sharedMaterial: {fileID: 2734180842910927710, guid: 199c02a37508e1f4aa6856f1766d5bfe,
    type: 2}
  m_fontSharedMaterials: []
  m_fontMaterial: {fileID: 0}
  m_fontMaterials: []
  m_fontColor32:
    serializedVersion: 2
    rgba: 4294967295
  m_fontColor: {r: 1, g: 1, b: 1, a: 1}
  m_enableVertexGradient: 0
  m_colorMode: 3
  m_fontColorGradient:
    topLeft: {r: 1, g: 1, b: 1, a: 1}
    topRight: {r: 1, g: 1, b: 1, a: 1}
    bottomLeft: {r: 1, g: 1, b: 1, a: 1}
    bottomRight: {r: 1, g: 1, b: 1, a: 1}
  m_fontColorGradientPreset: {fileID: 0}
  m_spriteAsset: {fileID: 0}
  m_tintAllSprites: 0
  m_StyleSheet: {fileID: 0}
  m_TextStyleHashCode: -1183493901
  m_overrideHtmlColors: 0
  m_faceColor:
    serializedVersion: 2
    rgba: 4294967295
  m_fontSize: 100
  m_fontSizeBase: 100
  m_fontWeight: 400
  m_enableAutoSizing: 0
  m_fontSizeMin: 18
  m_fontSizeMax: 72
  m_fontStyle: 0
  m_HorizontalAlignment: 2
  m_VerticalAlignment: 512
  m_textAlignment: 65535
  m_characterSpacing: 0
  m_wordSpacing: 0
  m_lineSpacing: 0
  m_lineSpacingMax: 0
  m_paragraphSpacing: 0
  m_charWidthMaxAdj: 0
  m_enableWordWrapping: 1
  m_wordWrappingRatios: 0.4
  m_overflowMode: 0
  m_linkedTextComponent: {fileID: 0}
  parentLinkedComponent: {fileID: 0}
  m_enableKerning: 1
  m_enableExtraPadding: 0
  checkPaddingRequired: 0
  m_isRichText: 1
  m_parseCtrlCharacters: 1
  m_isOrthographic: 1
  m_isCullingEnabled: 0
  m_horizontalMapping: 0
  m_verticalMapping: 0
  m_uvLineOffset: 0
  m_geometrySortingOrder: 0
  m_IsTextObjectScaleStatic: 0
  m_VertexBufferAutoSizeReduction: 0
  m_useMaxVisibleDescender: 1
  m_pageToDisplay: 1
  m_margin: {x: 0, y: 0, z: 0, w: 0}
  m_isUsingLegacyAnimationComponent: 0
  m_isVolumetricText: 0
  m_hasFontAssetChanged: 0
  m_baseMaterial: {fileID: 0}
  m_maskOffset: {x: 0, y: 0, z: 0, w: 0}
--- !u!114 &5497995385237358417
MonoBehaviour:
  m_ObjectHideFlags: 0
  m_CorrespondingSourceObject: {fileID: 0}
  m_PrefabInstance: {fileID: 0}
  m_PrefabAsset: {fileID: 0}
  m_GameObject: {fileID: 5497995385237358423}
  m_Enabled: 1
  m_EditorHideFlags: 0
  m_Script: {fileID: 11500000, guid: e8ace8ced0e81c847968cdca0aeda757, type: 3}
  m_Name: 
  m_EditorClassIdentifier: 
  triggerAnimPlayerOnChange: 0
  effectIntensityMultiplier: 50
  appearancesContainer:
    tags:
    - size
    values:
      defaults:
        sizeDuration: 0.3
        sizeAmplitude: 2
        fadeDuration: 0.3
        verticalExpandDuration: 0.3
        verticalFromBottom: 0
        horizontalExpandDuration: 0.3
        horizontalExpandStart: 0
        diagonalExpandDuration: 0.3
        diagonalFromBttmLeft: 0
        offsetDir: {x: 1, y: 1}
        offsetDuration: 0.3
        offsetAmplitude: 1
        rotationDuration: 0.3
        rotationStartAngle: 180
      presets: []
  tags_fallbackBehaviors: []
  behaviorValues:
    defaults:
      wiggleAmplitude: 0.15
      wiggleFrequency: 7.67
      waveFrequency: 4.78
      waveAmplitude: 0.2
      waveWaveSize: 0.18
      angleSpeed: 180
      angleDiffBetweenChars: 10
      swingAmplitude: 27.5
      swingFrequency: 5
      swingWaveSize: 0
      shakeStrength: 0.085
      shakeDelay: 0.04
      sizeAmplitude: 1.4
      sizeFrequency: 4.84
      sizeWaveSize: 0.18
      slideAmplitude: 0.12
      slideFrequency: 5
      slideWaveSize: 0
      bounceAmplitude: 0.08
      bounceFrequency: 1
      bounceWaveSize: 0.08
      hueShiftSpeed: 0.8
      hueShiftWaveSize: 0.08
      fadeDelay: 1.2
      dangleAmplitude: 0.13
      dangleFrequency: 2.41
      dangleWaveSize: 0.18
      dangleAnchorBottom: 0
      pendAmplitude: 25
      pendFrequency: 3
      pendWaveSize: 0.2
      pendInverted: 0
    presets: []
  scriptable_globalBehaviorsValues: {fileID: 0}
  scriptable_globalAppearancesValues: {fileID: 0}
  useDynamicScaling: 0
  referenceFontSize: -1
  timeScale: 0
--- !u!114 &5497995385237358428
MonoBehaviour:
  m_ObjectHideFlags: 0
  m_CorrespondingSourceObject: {fileID: 0}
  m_PrefabInstance: {fileID: 0}
  m_PrefabAsset: {fileID: 0}
  m_GameObject: {fileID: 5497995385237358423}
  m_Enabled: 1
  m_EditorHideFlags: 0
  m_Script: {fileID: 11500000, guid: 66650ffe68eb1f548acc774ac2db1b80, type: 3}
  m_Name: 
  m_EditorClassIdentifier: 
  Active: 1
  Label: Pause
  Chance: 100
  Timing:
    TimescaleMode: 0
    ExcludeFromHoldingPauses: 0
    ContributeToTotalDuration: 1
    InitialDelay: 0
    CooldownDuration: 0
    InterruptsOnStop: 1
    NumberOfRepeats: 0
    RepeatForever: 0
    DelayBetweenRepeats: 1
    MMFeedbacksDirectionCondition: 0
    PlayDirection: 0
    ConstantIntensity: 0
    UseIntensityInterval: 0
    IntensityIntervalMin: 0
    IntensityIntervalMax: 0
    Sequence: {fileID: 0}
    TrackID: 0
    Quantized: 0
    TargetBPM: 120
  DebugActive: 0
  PauseDuration: 2
  RandomizePauseDuration: 0
  MinPauseDuration: 1
  MaxPauseDuration: 3
  RandomizeOnEachPlay: 1
  ScriptDriven: 0
  AutoResume: 0
  AutoResumeAfter: 0.25
--- !u!1 &5497995385550078794
GameObject:
  m_ObjectHideFlags: 0
  m_CorrespondingSourceObject: {fileID: 0}
  m_PrefabInstance: {fileID: 0}
  m_PrefabAsset: {fileID: 0}
  serializedVersion: 6
  m_Component:
  - component: {fileID: 5497995385550078795}
  - component: {fileID: 5497995385550078805}
  - component: {fileID: 5497995385550078804}
  m_Layer: 0
  m_Name: Text (TMP)
  m_TagString: Untagged
  m_Icon: {fileID: 0}
  m_NavMeshLayer: 0
  m_StaticEditorFlags: 0
  m_IsActive: 1
--- !u!224 &5497995385550078795
RectTransform:
  m_ObjectHideFlags: 0
  m_CorrespondingSourceObject: {fileID: 0}
  m_PrefabInstance: {fileID: 0}
  m_PrefabAsset: {fileID: 0}
  m_GameObject: {fileID: 5497995385550078794}
  m_LocalRotation: {x: 0, y: 0, z: 0, w: 1}
  m_LocalPosition: {x: 0, y: 0, z: 0}
  m_LocalScale: {x: 1, y: 1, z: 1}
  m_Children: []
  m_Father: {fileID: 5497995383923842447}
  m_RootOrder: 0
  m_LocalEulerAnglesHint: {x: 0, y: 0, z: 0}
  m_AnchorMin: {x: 0, y: 0}
  m_AnchorMax: {x: 1, y: 1}
  m_AnchoredPosition: {x: 0, y: 0}
  m_SizeDelta: {x: 0, y: 0}
  m_Pivot: {x: 0.5, y: 0.5}
--- !u!222 &5497995385550078805
CanvasRenderer:
  m_ObjectHideFlags: 0
  m_CorrespondingSourceObject: {fileID: 0}
  m_PrefabInstance: {fileID: 0}
  m_PrefabAsset: {fileID: 0}
  m_GameObject: {fileID: 5497995385550078794}
  m_CullTransparentMesh: 0
--- !u!114 &5497995385550078804
MonoBehaviour:
  m_ObjectHideFlags: 0
  m_CorrespondingSourceObject: {fileID: 0}
  m_PrefabInstance: {fileID: 0}
  m_PrefabAsset: {fileID: 0}
  m_GameObject: {fileID: 5497995385550078794}
  m_Enabled: 1
  m_EditorHideFlags: 0
  m_Script: {fileID: 11500000, guid: f4688fdb7df04437aeb418b961361dc5, type: 3}
  m_Name: 
  m_EditorClassIdentifier: 
  m_Material: {fileID: 0}
  m_Color: {r: 1, g: 1, b: 1, a: 1}
  m_RaycastTarget: 0
  m_Maskable: 1
  m_OnCullStateChanged:
    m_PersistentCalls:
      m_Calls: []
  m_text: Retry
  m_isRightToLeft: 0
  m_fontAsset: {fileID: 11400000, guid: b3f25c4ed235d334c958c29fd58c22d1, type: 2}
  m_sharedMaterial: {fileID: 2734180842910927710, guid: b3f25c4ed235d334c958c29fd58c22d1,
    type: 2}
  m_fontSharedMaterials: []
  m_fontMaterial: {fileID: 0}
  m_fontMaterials: []
  m_fontColor32:
    serializedVersion: 2
    rgba: 4279423999
  m_fontColor: {r: 1, g: 0.8275972, b: 0.07075471, a: 1}
  m_enableVertexGradient: 0
  m_colorMode: 3
  m_fontColorGradient:
    topLeft: {r: 1, g: 1, b: 1, a: 1}
    topRight: {r: 1, g: 1, b: 1, a: 1}
    bottomLeft: {r: 1, g: 1, b: 1, a: 1}
    bottomRight: {r: 1, g: 1, b: 1, a: 1}
  m_fontColorGradientPreset: {fileID: 0}
  m_spriteAsset: {fileID: 0}
  m_tintAllSprites: 0
  m_StyleSheet: {fileID: 0}
  m_TextStyleHashCode: -1183493901
  m_overrideHtmlColors: 0
  m_faceColor:
    serializedVersion: 2
    rgba: 4294967295
  m_fontSize: 73.59
  m_fontSizeBase: 73.59
  m_fontWeight: 400
  m_enableAutoSizing: 0
  m_fontSizeMin: 18
  m_fontSizeMax: 72
  m_fontStyle: 0
  m_HorizontalAlignment: 2
  m_VerticalAlignment: 512
  m_textAlignment: 65535
  m_characterSpacing: 0
  m_wordSpacing: 0
  m_lineSpacing: 0
  m_lineSpacingMax: 0
  m_paragraphSpacing: 0
  m_charWidthMaxAdj: 0
  m_enableWordWrapping: 1
  m_wordWrappingRatios: 0.4
  m_overflowMode: 0
  m_linkedTextComponent: {fileID: 0}
  parentLinkedComponent: {fileID: 0}
  m_enableKerning: 1
  m_enableExtraPadding: 0
  checkPaddingRequired: 0
  m_isRichText: 1
  m_parseCtrlCharacters: 1
  m_isOrthographic: 1
  m_isCullingEnabled: 0
  m_horizontalMapping: 0
  m_verticalMapping: 0
  m_uvLineOffset: 0
  m_geometrySortingOrder: 0
  m_IsTextObjectScaleStatic: 0
  m_VertexBufferAutoSizeReduction: 0
  m_useMaxVisibleDescender: 1
  m_pageToDisplay: 1
  m_margin: {x: 0, y: 0, z: 0, w: 0}
  m_isUsingLegacyAnimationComponent: 0
  m_isVolumetricText: 0
  m_hasFontAssetChanged: 0
  m_baseMaterial: {fileID: 0}
  m_maskOffset: {x: 0, y: 0, z: 0, w: 0}
