%YAML 1.1
%TAG !u! tag:unity3d.com,2011:
--- !u!1 &5224411303643573609
GameObject:
  m_ObjectHideFlags: 0
  m_CorrespondingSourceObject: {fileID: 0}
  m_PrefabInstance: {fileID: 0}
  m_PrefabAsset: {fileID: 0}
  serializedVersion: 6
  m_Component:
  - component: {fileID: 5224411303643573610}
  m_Layer: 0
  m_Name: environment
  m_TagString: Untagged
  m_Icon: {fileID: 0}
  m_NavMeshLayer: 0
  m_StaticEditorFlags: 0
  m_IsActive: 1
--- !u!4 &5224411303643573610
Transform:
  m_ObjectHideFlags: 0
  m_CorrespondingSourceObject: {fileID: 0}
  m_PrefabInstance: {fileID: 0}
  m_PrefabAsset: {fileID: 0}
  m_GameObject: {fileID: 5224411303643573609}
  m_LocalRotation: {x: 0, y: 0, z: 0, w: 1}
  m_LocalPosition: {x: 0, y: 0, z: 0}
  m_LocalScale: {x: 1, y: 1, z: 1}
  m_Children:
  - {fileID: 5228785059542968352}
  - {fileID: 5228785058631233097}
  - {fileID: 5228785058379437592}
  - {fileID: 5228785057819183326}
  - {fileID: 5228785058060368693}
  - {fileID: 5228785058448344479}
  - {fileID: 5228785057917660222}
  - {fileID: 5228785058781833995}
  - {fileID: 5228785058353139439}
  - {fileID: 5228785058743631096}
  - {fileID: 5228785057680628346}
  - {fileID: 5228785059130588000}
  - {fileID: 5224411304210713584}
  m_Father: {fileID: 0}
  m_RootOrder: 0
  m_LocalEulerAnglesHint: {x: 0, y: 0, z: 0}
--- !u!1 &5224411304210713599
GameObject:
  m_ObjectHideFlags: 0
  m_CorrespondingSourceObject: {fileID: 0}
  m_PrefabInstance: {fileID: 0}
  m_PrefabAsset: {fileID: 0}
  serializedVersion: 6
  m_Component:
  - component: {fileID: 5224411304210713584}
  - component: {fileID: 5224411304210713587}
  - component: {fileID: 5224411304210713586}
  - component: {fileID: 5224411304210713585}
  m_Layer: 0
  m_Name: ground
  m_TagString: Untagged
  m_Icon: {fileID: 0}
  m_NavMeshLayer: 0
  m_StaticEditorFlags: 0
  m_IsActive: 1
--- !u!4 &5224411304210713584
Transform:
  m_ObjectHideFlags: 0
  m_CorrespondingSourceObject: {fileID: 0}
  m_PrefabInstance: {fileID: 0}
  m_PrefabAsset: {fileID: 0}
  m_GameObject: {fileID: 5224411304210713599}
  m_LocalRotation: {x: 0, y: 0, z: 0, w: 1}
  m_LocalPosition: {x: -2.91, y: 0, z: 4.41}
  m_LocalScale: {x: 1, y: 1, z: 1}
  m_Children: []
  m_Father: {fileID: 5224411303643573610}
  m_RootOrder: 12
  m_LocalEulerAnglesHint: {x: 0, y: 0, z: 0}
--- !u!33 &5224411304210713587
MeshFilter:
  m_ObjectHideFlags: 0
  m_CorrespondingSourceObject: {fileID: 0}
  m_PrefabInstance: {fileID: 0}
  m_PrefabAsset: {fileID: 0}
  m_GameObject: {fileID: 5224411304210713599}
  m_Mesh: {fileID: 10209, guid: 0000000000000000e000000000000000, type: 0}
--- !u!23 &5224411304210713586
MeshRenderer:
  m_ObjectHideFlags: 0
  m_CorrespondingSourceObject: {fileID: 0}
  m_PrefabInstance: {fileID: 0}
  m_PrefabAsset: {fileID: 0}
  m_GameObject: {fileID: 5224411304210713599}
  m_Enabled: 1
  m_CastShadows: 1
  m_ReceiveShadows: 1
  m_DynamicOccludee: 1
  m_MotionVectors: 1
  m_LightProbeUsage: 1
  m_ReflectionProbeUsage: 1
  m_RayTracingMode: 2
  m_RenderingLayerMask: 1
  m_RendererPriority: 0
  m_Materials:
  - {fileID: 2100000, guid: 706129d611a5c34489d979c69d673a95, type: 2}
  m_StaticBatchInfo:
    firstSubMesh: 0
    subMeshCount: 0
  m_StaticBatchRoot: {fileID: 0}
  m_ProbeAnchor: {fileID: 0}
  m_LightProbeVolumeOverride: {fileID: 0}
  m_ScaleInLightmap: 1
  m_ReceiveGI: 1
  m_PreserveUVs: 0
  m_IgnoreNormalsForChartDetection: 0
  m_ImportantGI: 0
  m_StitchLightmapSeams: 1
  m_SelectedEditorRenderState: 3
  m_MinimumChartSize: 4
  m_AutoUVMaxDistance: 0.5
  m_AutoUVMaxAngle: 89
  m_LightmapParameters: {fileID: 0}
  m_SortingLayerID: 0
  m_SortingLayer: 0
  m_SortingOrder: 0
--- !u!64 &5224411304210713585
MeshCollider:
  m_ObjectHideFlags: 0
  m_CorrespondingSourceObject: {fileID: 0}
  m_PrefabInstance: {fileID: 0}
  m_PrefabAsset: {fileID: 0}
  m_GameObject: {fileID: 5224411304210713599}
  m_Material: {fileID: 0}
  m_IsTrigger: 0
  m_Enabled: 1
  serializedVersion: 4
  m_Convex: 0
  m_CookingOptions: 30
  m_Mesh: {fileID: 10209, guid: 0000000000000000e000000000000000, type: 0}
--- !u!1001 &5224411303866544396
PrefabInstance:
  m_ObjectHideFlags: 0
  serializedVersion: 2
  m_Modification:
    m_TransformParent: {fileID: 5224411303643573610}
    m_Modifications:
    - target: {fileID: 1737144855064878, guid: 6c9240d65ec01421abf47aa7ff348fef, type: 3}
      propertyPath: m_Name
      value: house-wall-window-two
      objectReference: {fileID: 0}
    - target: {fileID: 4703884277553452, guid: 6c9240d65ec01421abf47aa7ff348fef, type: 3}
      propertyPath: m_RootOrder
      value: 0
      objectReference: {fileID: 0}
    - target: {fileID: 4703884277553452, guid: 6c9240d65ec01421abf47aa7ff348fef, type: 3}
      propertyPath: m_LocalPosition.x
      value: 0
      objectReference: {fileID: 0}
    - target: {fileID: 4703884277553452, guid: 6c9240d65ec01421abf47aa7ff348fef, type: 3}
      propertyPath: m_LocalPosition.y
      value: 0
      objectReference: {fileID: 0}
    - target: {fileID: 4703884277553452, guid: 6c9240d65ec01421abf47aa7ff348fef, type: 3}
      propertyPath: m_LocalPosition.z
      value: 0
      objectReference: {fileID: 0}
    - target: {fileID: 4703884277553452, guid: 6c9240d65ec01421abf47aa7ff348fef, type: 3}
      propertyPath: m_LocalRotation.w
      value: 1
      objectReference: {fileID: 0}
    - target: {fileID: 4703884277553452, guid: 6c9240d65ec01421abf47aa7ff348fef, type: 3}
      propertyPath: m_LocalRotation.x
      value: 0
      objectReference: {fileID: 0}
    - target: {fileID: 4703884277553452, guid: 6c9240d65ec01421abf47aa7ff348fef, type: 3}
      propertyPath: m_LocalRotation.y
      value: -0
      objectReference: {fileID: 0}
    - target: {fileID: 4703884277553452, guid: 6c9240d65ec01421abf47aa7ff348fef, type: 3}
      propertyPath: m_LocalRotation.z
      value: -0
      objectReference: {fileID: 0}
    - target: {fileID: 4703884277553452, guid: 6c9240d65ec01421abf47aa7ff348fef, type: 3}
      propertyPath: m_LocalEulerAnglesHint.x
      value: 0
      objectReference: {fileID: 0}
    - target: {fileID: 4703884277553452, guid: 6c9240d65ec01421abf47aa7ff348fef, type: 3}
      propertyPath: m_LocalEulerAnglesHint.y
      value: 0
      objectReference: {fileID: 0}
    - target: {fileID: 4703884277553452, guid: 6c9240d65ec01421abf47aa7ff348fef, type: 3}
      propertyPath: m_LocalEulerAnglesHint.z
      value: 0
      objectReference: {fileID: 0}
    m_RemovedComponents: []
  m_SourcePrefab: {fileID: 100100000, guid: 6c9240d65ec01421abf47aa7ff348fef, type: 3}
--- !u!4 &5228785059542968352 stripped
Transform:
  m_CorrespondingSourceObject: {fileID: 4703884277553452, guid: 6c9240d65ec01421abf47aa7ff348fef,
    type: 3}
  m_PrefabInstance: {fileID: 5224411303866544396}
  m_PrefabAsset: {fileID: 0}
--- !u!1001 &5224411304091071015
PrefabInstance:
  m_ObjectHideFlags: 0
  serializedVersion: 2
  m_Modification:
    m_TransformParent: {fileID: 5224411303643573610}
    m_Modifications:
    - target: {fileID: 1737144855064878, guid: 6c9240d65ec01421abf47aa7ff348fef, type: 3}
      propertyPath: m_Name
      value: house-wall-window-two (7)
      objectReference: {fileID: 0}
    - target: {fileID: 4703884277553452, guid: 6c9240d65ec01421abf47aa7ff348fef, type: 3}
      propertyPath: m_RootOrder
      value: 7
      objectReference: {fileID: 0}
    - target: {fileID: 4703884277553452, guid: 6c9240d65ec01421abf47aa7ff348fef, type: 3}
      propertyPath: m_LocalPosition.x
      value: -7.7
      objectReference: {fileID: 0}
    - target: {fileID: 4703884277553452, guid: 6c9240d65ec01421abf47aa7ff348fef, type: 3}
      propertyPath: m_LocalPosition.y
      value: 0
      objectReference: {fileID: 0}
    - target: {fileID: 4703884277553452, guid: 6c9240d65ec01421abf47aa7ff348fef, type: 3}
      propertyPath: m_LocalPosition.z
      value: 4.5
      objectReference: {fileID: 0}
    - target: {fileID: 4703884277553452, guid: 6c9240d65ec01421abf47aa7ff348fef, type: 3}
      propertyPath: m_LocalRotation.w
      value: -0.7071037
      objectReference: {fileID: 0}
    - target: {fileID: 4703884277553452, guid: 6c9240d65ec01421abf47aa7ff348fef, type: 3}
      propertyPath: m_LocalRotation.x
      value: -0
      objectReference: {fileID: 0}
    - target: {fileID: 4703884277553452, guid: 6c9240d65ec01421abf47aa7ff348fef, type: 3}
      propertyPath: m_LocalRotation.y
      value: -0.7071099
      objectReference: {fileID: 0}
    - target: {fileID: 4703884277553452, guid: 6c9240d65ec01421abf47aa7ff348fef, type: 3}
      propertyPath: m_LocalRotation.z
      value: -0
      objectReference: {fileID: 0}
    - target: {fileID: 4703884277553452, guid: 6c9240d65ec01421abf47aa7ff348fef, type: 3}
      propertyPath: m_LocalEulerAnglesHint.x
      value: 0
      objectReference: {fileID: 0}
    - target: {fileID: 4703884277553452, guid: 6c9240d65ec01421abf47aa7ff348fef, type: 3}
      propertyPath: m_LocalEulerAnglesHint.y
      value: -269.999
      objectReference: {fileID: 0}
    - target: {fileID: 4703884277553452, guid: 6c9240d65ec01421abf47aa7ff348fef, type: 3}
      propertyPath: m_LocalEulerAnglesHint.z
      value: 0
      objectReference: {fileID: 0}
    m_RemovedComponents: []
  m_SourcePrefab: {fileID: 100100000, guid: 6c9240d65ec01421abf47aa7ff348fef, type: 3}
--- !u!4 &5228785058781833995 stripped
Transform:
  m_CorrespondingSourceObject: {fileID: 4703884277553452, guid: 6c9240d65ec01421abf47aa7ff348fef,
    type: 3}
  m_PrefabInstance: {fileID: 5224411304091071015}
  m_PrefabAsset: {fileID: 0}
--- !u!1001 &5224411304112235988
PrefabInstance:
  m_ObjectHideFlags: 0
  serializedVersion: 2
  m_Modification:
    m_TransformParent: {fileID: 5224411303643573610}
    m_Modifications:
    - target: {fileID: 1737144855064878, guid: 6c9240d65ec01421abf47aa7ff348fef, type: 3}
      propertyPath: m_Name
      value: house-wall-window-two (9)
      objectReference: {fileID: 0}
    - target: {fileID: 4703884277553452, guid: 6c9240d65ec01421abf47aa7ff348fef, type: 3}
      propertyPath: m_RootOrder
      value: 9
      objectReference: {fileID: 0}
    - target: {fileID: 4703884277553452, guid: 6c9240d65ec01421abf47aa7ff348fef, type: 3}
      propertyPath: m_LocalPosition.x
      value: 1.7000062
      objectReference: {fileID: 0}
    - target: {fileID: 4703884277553452, guid: 6c9240d65ec01421abf47aa7ff348fef, type: 3}
      propertyPath: m_LocalPosition.y
      value: 0
      objectReference: {fileID: 0}
    - target: {fileID: 4703884277553452, guid: 6c9240d65ec01421abf47aa7ff348fef, type: 3}
      propertyPath: m_LocalPosition.z
      value: 1.4999979
      objectReference: {fileID: 0}
    - target: {fileID: 4703884277553452, guid: 6c9240d65ec01421abf47aa7ff348fef, type: 3}
      propertyPath: m_LocalRotation.w
      value: 0.7071081
      objectReference: {fileID: 0}
    - target: {fileID: 4703884277553452, guid: 6c9240d65ec01421abf47aa7ff348fef, type: 3}
      propertyPath: m_LocalRotation.x
      value: -0
      objectReference: {fileID: 0}
    - target: {fileID: 4703884277553452, guid: 6c9240d65ec01421abf47aa7ff348fef, type: 3}
      propertyPath: m_LocalRotation.y
      value: -0.7071055
      objectReference: {fileID: 0}
    - target: {fileID: 4703884277553452, guid: 6c9240d65ec01421abf47aa7ff348fef, type: 3}
      propertyPath: m_LocalRotation.z
      value: -0
      objectReference: {fileID: 0}
    - target: {fileID: 4703884277553452, guid: 6c9240d65ec01421abf47aa7ff348fef, type: 3}
      propertyPath: m_LocalEulerAnglesHint.x
      value: 0
      objectReference: {fileID: 0}
    - target: {fileID: 4703884277553452, guid: 6c9240d65ec01421abf47aa7ff348fef, type: 3}
      propertyPath: m_LocalEulerAnglesHint.y
      value: -90.00001
      objectReference: {fileID: 0}
    - target: {fileID: 4703884277553452, guid: 6c9240d65ec01421abf47aa7ff348fef, type: 3}
      propertyPath: m_LocalEulerAnglesHint.z
      value: 0
      objectReference: {fileID: 0}
    m_RemovedComponents: []
  m_SourcePrefab: {fileID: 100100000, guid: 6c9240d65ec01421abf47aa7ff348fef, type: 3}
--- !u!4 &5228785058743631096 stripped
Transform:
  m_CorrespondingSourceObject: {fileID: 4703884277553452, guid: 6c9240d65ec01421abf47aa7ff348fef,
    type: 3}
  m_PrefabInstance: {fileID: 5224411304112235988}
  m_PrefabAsset: {fileID: 0}
--- !u!1001 &5224411304532681292
PrefabInstance:
  m_ObjectHideFlags: 0
  serializedVersion: 2
  m_Modification:
    m_TransformParent: {fileID: 5224411303643573610}
    m_Modifications:
    - target: {fileID: 1737144855064878, guid: 6c9240d65ec01421abf47aa7ff348fef, type: 3}
      propertyPath: m_Name
      value: house-wall-window-two (11)
      objectReference: {fileID: 0}
    - target: {fileID: 4703884277553452, guid: 6c9240d65ec01421abf47aa7ff348fef, type: 3}
      propertyPath: m_RootOrder
      value: 11
      objectReference: {fileID: 0}
    - target: {fileID: 4703884277553452, guid: 6c9240d65ec01421abf47aa7ff348fef, type: 3}
      propertyPath: m_LocalPosition.x
      value: 1.6999948
      objectReference: {fileID: 0}
    - target: {fileID: 4703884277553452, guid: 6c9240d65ec01421abf47aa7ff348fef, type: 3}
      propertyPath: m_LocalPosition.y
      value: 0
      objectReference: {fileID: 0}
    - target: {fileID: 4703884277553452, guid: 6c9240d65ec01421abf47aa7ff348fef, type: 3}
      propertyPath: m_LocalPosition.z
      value: 7.499997
      objectReference: {fileID: 0}
    - target: {fileID: 4703884277553452, guid: 6c9240d65ec01421abf47aa7ff348fef, type: 3}
      propertyPath: m_LocalRotation.w
      value: 0.7071081
      objectReference: {fileID: 0}
    - target: {fileID: 4703884277553452, guid: 6c9240d65ec01421abf47aa7ff348fef, type: 3}
      propertyPath: m_LocalRotation.x
      value: -0
      objectReference: {fileID: 0}
    - target: {fileID: 4703884277553452, guid: 6c9240d65ec01421abf47aa7ff348fef, type: 3}
      propertyPath: m_LocalRotation.y
      value: -0.7071055
      objectReference: {fileID: 0}
    - target: {fileID: 4703884277553452, guid: 6c9240d65ec01421abf47aa7ff348fef, type: 3}
      propertyPath: m_LocalRotation.z
      value: -0
      objectReference: {fileID: 0}
    - target: {fileID: 4703884277553452, guid: 6c9240d65ec01421abf47aa7ff348fef, type: 3}
      propertyPath: m_LocalEulerAnglesHint.x
      value: 0
      objectReference: {fileID: 0}
    - target: {fileID: 4703884277553452, guid: 6c9240d65ec01421abf47aa7ff348fef, type: 3}
      propertyPath: m_LocalEulerAnglesHint.y
      value: -90.00001
      objectReference: {fileID: 0}
    - target: {fileID: 4703884277553452, guid: 6c9240d65ec01421abf47aa7ff348fef, type: 3}
      propertyPath: m_LocalEulerAnglesHint.z
      value: 0
      objectReference: {fileID: 0}
    m_RemovedComponents: []
  m_SourcePrefab: {fileID: 100100000, guid: 6c9240d65ec01421abf47aa7ff348fef, type: 3}
--- !u!4 &5228785059130588000 stripped
Transform:
  m_CorrespondingSourceObject: {fileID: 4703884277553452, guid: 6c9240d65ec01421abf47aa7ff348fef,
    type: 3}
  m_PrefabInstance: {fileID: 5224411304532681292}
  m_PrefabAsset: {fileID: 0}
--- !u!1001 &5224411304692980915
PrefabInstance:
  m_ObjectHideFlags: 0
  serializedVersion: 2
  m_Modification:
    m_TransformParent: {fileID: 5224411303643573610}
    m_Modifications:
    - target: {fileID: 1737144855064878, guid: 6c9240d65ec01421abf47aa7ff348fef, type: 3}
      propertyPath: m_Name
      value: house-wall-window-two (5)
      objectReference: {fileID: 0}
    - target: {fileID: 4703884277553452, guid: 6c9240d65ec01421abf47aa7ff348fef, type: 3}
      propertyPath: m_RootOrder
      value: 5
      objectReference: {fileID: 0}
    - target: {fileID: 4703884277553452, guid: 6c9240d65ec01421abf47aa7ff348fef, type: 3}
      propertyPath: m_LocalPosition.x
      value: -6
      objectReference: {fileID: 0}
    - target: {fileID: 4703884277553452, guid: 6c9240d65ec01421abf47aa7ff348fef, type: 3}
      propertyPath: m_LocalPosition.y
      value: 0
      objectReference: {fileID: 0}
    - target: {fileID: 4703884277553452, guid: 6c9240d65ec01421abf47aa7ff348fef, type: 3}
      propertyPath: m_LocalPosition.z
      value: 9
      objectReference: {fileID: 0}
    - target: {fileID: 4703884277553452, guid: 6c9240d65ec01421abf47aa7ff348fef, type: 3}
      propertyPath: m_LocalRotation.w
      value: 0.0000029504295
      objectReference: {fileID: 0}
    - target: {fileID: 4703884277553452, guid: 6c9240d65ec01421abf47aa7ff348fef, type: 3}
      propertyPath: m_LocalRotation.x
      value: -0
      objectReference: {fileID: 0}
    - target: {fileID: 4703884277553452, guid: 6c9240d65ec01421abf47aa7ff348fef, type: 3}
      propertyPath: m_LocalRotation.y
      value: -1
      objectReference: {fileID: 0}
    - target: {fileID: 4703884277553452, guid: 6c9240d65ec01421abf47aa7ff348fef, type: 3}
      propertyPath: m_LocalRotation.z
      value: -0
      objectReference: {fileID: 0}
    - target: {fileID: 4703884277553452, guid: 6c9240d65ec01421abf47aa7ff348fef, type: 3}
      propertyPath: m_LocalEulerAnglesHint.x
      value: 0
      objectReference: {fileID: 0}
    - target: {fileID: 4703884277553452, guid: 6c9240d65ec01421abf47aa7ff348fef, type: 3}
      propertyPath: m_LocalEulerAnglesHint.y
      value: -180.00002
      objectReference: {fileID: 0}
    - target: {fileID: 4703884277553452, guid: 6c9240d65ec01421abf47aa7ff348fef, type: 3}
      propertyPath: m_LocalEulerAnglesHint.z
      value: 0
      objectReference: {fileID: 0}
    m_RemovedComponents: []
  m_SourcePrefab: {fileID: 100100000, guid: 6c9240d65ec01421abf47aa7ff348fef, type: 3}
--- !u!4 &5228785058448344479 stripped
Transform:
  m_CorrespondingSourceObject: {fileID: 4703884277553452, guid: 6c9240d65ec01421abf47aa7ff348fef,
    type: 3}
  m_PrefabInstance: {fileID: 5224411304692980915}
  m_PrefabAsset: {fileID: 0}
--- !u!1001 &5224411304763985716
PrefabInstance:
  m_ObjectHideFlags: 0
  serializedVersion: 2
  m_Modification:
    m_TransformParent: {fileID: 5224411303643573610}
    m_Modifications:
    - target: {fileID: 1737144855064878, guid: 6c9240d65ec01421abf47aa7ff348fef, type: 3}
      propertyPath: m_Name
      value: house-wall-window-two (2)
      objectReference: {fileID: 0}
    - target: {fileID: 4703884277553452, guid: 6c9240d65ec01421abf47aa7ff348fef, type: 3}
      propertyPath: m_RootOrder
      value: 2
      objectReference: {fileID: 0}
    - target: {fileID: 4703884277553452, guid: 6c9240d65ec01421abf47aa7ff348fef, type: 3}
      propertyPath: m_LocalPosition.x
      value: -6
      objectReference: {fileID: 0}
    - target: {fileID: 4703884277553452, guid: 6c9240d65ec01421abf47aa7ff348fef, type: 3}
      propertyPath: m_LocalPosition.y
      value: 0
      objectReference: {fileID: 0}
    - target: {fileID: 4703884277553452, guid: 6c9240d65ec01421abf47aa7ff348fef, type: 3}
      propertyPath: m_LocalPosition.z
      value: 0
      objectReference: {fileID: 0}
    - target: {fileID: 4703884277553452, guid: 6c9240d65ec01421abf47aa7ff348fef, type: 3}
      propertyPath: m_LocalRotation.w
      value: 1
      objectReference: {fileID: 0}
    - target: {fileID: 4703884277553452, guid: 6c9240d65ec01421abf47aa7ff348fef, type: 3}
      propertyPath: m_LocalRotation.x
      value: 0
      objectReference: {fileID: 0}
    - target: {fileID: 4703884277553452, guid: 6c9240d65ec01421abf47aa7ff348fef, type: 3}
      propertyPath: m_LocalRotation.y
      value: -0
      objectReference: {fileID: 0}
    - target: {fileID: 4703884277553452, guid: 6c9240d65ec01421abf47aa7ff348fef, type: 3}
      propertyPath: m_LocalRotation.z
      value: -0
      objectReference: {fileID: 0}
    - target: {fileID: 4703884277553452, guid: 6c9240d65ec01421abf47aa7ff348fef, type: 3}
      propertyPath: m_LocalEulerAnglesHint.x
      value: 0
      objectReference: {fileID: 0}
    - target: {fileID: 4703884277553452, guid: 6c9240d65ec01421abf47aa7ff348fef, type: 3}
      propertyPath: m_LocalEulerAnglesHint.y
      value: 0
      objectReference: {fileID: 0}
    - target: {fileID: 4703884277553452, guid: 6c9240d65ec01421abf47aa7ff348fef, type: 3}
      propertyPath: m_LocalEulerAnglesHint.z
      value: 0
      objectReference: {fileID: 0}
    m_RemovedComponents: []
  m_SourcePrefab: {fileID: 100100000, guid: 6c9240d65ec01421abf47aa7ff348fef, type: 3}
--- !u!4 &5228785058379437592 stripped
Transform:
  m_CorrespondingSourceObject: {fileID: 4703884277553452, guid: 6c9240d65ec01421abf47aa7ff348fef,
    type: 3}
  m_PrefabInstance: {fileID: 5224411304763985716}
  m_PrefabAsset: {fileID: 0}
--- !u!1001 &5224411304771442627
PrefabInstance:
  m_ObjectHideFlags: 0
  serializedVersion: 2
  m_Modification:
    m_TransformParent: {fileID: 5224411303643573610}
    m_Modifications:
    - target: {fileID: 1737144855064878, guid: 6c9240d65ec01421abf47aa7ff348fef, type: 3}
      propertyPath: m_Name
      value: house-wall-window-two (8)
      objectReference: {fileID: 0}
    - target: {fileID: 4703884277553452, guid: 6c9240d65ec01421abf47aa7ff348fef, type: 3}
      propertyPath: m_RootOrder
      value: 8
      objectReference: {fileID: 0}
    - target: {fileID: 4703884277553452, guid: 6c9240d65ec01421abf47aa7ff348fef, type: 3}
      propertyPath: m_LocalPosition.x
      value: -7.7000065
      objectReference: {fileID: 0}
    - target: {fileID: 4703884277553452, guid: 6c9240d65ec01421abf47aa7ff348fef, type: 3}
      propertyPath: m_LocalPosition.y
      value: 0
      objectReference: {fileID: 0}
    - target: {fileID: 4703884277553452, guid: 6c9240d65ec01421abf47aa7ff348fef, type: 3}
      propertyPath: m_LocalPosition.z
      value: 1.4999995
      objectReference: {fileID: 0}
    - target: {fileID: 4703884277553452, guid: 6c9240d65ec01421abf47aa7ff348fef, type: 3}
      propertyPath: m_LocalRotation.w
      value: -0.7071037
      objectReference: {fileID: 0}
    - target: {fileID: 4703884277553452, guid: 6c9240d65ec01421abf47aa7ff348fef, type: 3}
      propertyPath: m_LocalRotation.x
      value: -0
      objectReference: {fileID: 0}
    - target: {fileID: 4703884277553452, guid: 6c9240d65ec01421abf47aa7ff348fef, type: 3}
      propertyPath: m_LocalRotation.y
      value: -0.7071099
      objectReference: {fileID: 0}
    - target: {fileID: 4703884277553452, guid: 6c9240d65ec01421abf47aa7ff348fef, type: 3}
      propertyPath: m_LocalRotation.z
      value: -0
      objectReference: {fileID: 0}
    - target: {fileID: 4703884277553452, guid: 6c9240d65ec01421abf47aa7ff348fef, type: 3}
      propertyPath: m_LocalEulerAnglesHint.x
      value: 0
      objectReference: {fileID: 0}
    - target: {fileID: 4703884277553452, guid: 6c9240d65ec01421abf47aa7ff348fef, type: 3}
      propertyPath: m_LocalEulerAnglesHint.y
      value: -269.999
      objectReference: {fileID: 0}
    - target: {fileID: 4703884277553452, guid: 6c9240d65ec01421abf47aa7ff348fef, type: 3}
      propertyPath: m_LocalEulerAnglesHint.z
      value: 0
      objectReference: {fileID: 0}
    m_RemovedComponents: []
  m_SourcePrefab: {fileID: 100100000, guid: 6c9240d65ec01421abf47aa7ff348fef, type: 3}
--- !u!4 &5228785058353139439 stripped
Transform:
  m_CorrespondingSourceObject: {fileID: 4703884277553452, guid: 6c9240d65ec01421abf47aa7ff348fef,
    type: 3}
  m_PrefabInstance: {fileID: 5224411304771442627}
  m_PrefabAsset: {fileID: 0}
--- !u!1001 &5224411305048815461
PrefabInstance:
  m_ObjectHideFlags: 0
  serializedVersion: 2
  m_Modification:
    m_TransformParent: {fileID: 5224411303643573610}
    m_Modifications:
    - target: {fileID: 1737144855064878, guid: 6c9240d65ec01421abf47aa7ff348fef, type: 3}
      propertyPath: m_Name
      value: house-wall-window-two (1)
      objectReference: {fileID: 0}
    - target: {fileID: 4703884277553452, guid: 6c9240d65ec01421abf47aa7ff348fef, type: 3}
      propertyPath: m_RootOrder
      value: 1
      objectReference: {fileID: 0}
    - target: {fileID: 4703884277553452, guid: 6c9240d65ec01421abf47aa7ff348fef, type: 3}
      propertyPath: m_LocalPosition.x
      value: -3
      objectReference: {fileID: 0}
    - target: {fileID: 4703884277553452, guid: 6c9240d65ec01421abf47aa7ff348fef, type: 3}
      propertyPath: m_LocalPosition.y
      value: 0
      objectReference: {fileID: 0}
    - target: {fileID: 4703884277553452, guid: 6c9240d65ec01421abf47aa7ff348fef, type: 3}
      propertyPath: m_LocalPosition.z
      value: 0
      objectReference: {fileID: 0}
    - target: {fileID: 4703884277553452, guid: 6c9240d65ec01421abf47aa7ff348fef, type: 3}
      propertyPath: m_LocalRotation.w
      value: 1
      objectReference: {fileID: 0}
    - target: {fileID: 4703884277553452, guid: 6c9240d65ec01421abf47aa7ff348fef, type: 3}
      propertyPath: m_LocalRotation.x
      value: 0
      objectReference: {fileID: 0}
    - target: {fileID: 4703884277553452, guid: 6c9240d65ec01421abf47aa7ff348fef, type: 3}
      propertyPath: m_LocalRotation.y
      value: -0
      objectReference: {fileID: 0}
    - target: {fileID: 4703884277553452, guid: 6c9240d65ec01421abf47aa7ff348fef, type: 3}
      propertyPath: m_LocalRotation.z
      value: -0
      objectReference: {fileID: 0}
    - target: {fileID: 4703884277553452, guid: 6c9240d65ec01421abf47aa7ff348fef, type: 3}
      propertyPath: m_LocalEulerAnglesHint.x
      value: 0
      objectReference: {fileID: 0}
    - target: {fileID: 4703884277553452, guid: 6c9240d65ec01421abf47aa7ff348fef, type: 3}
      propertyPath: m_LocalEulerAnglesHint.y
      value: 0
      objectReference: {fileID: 0}
    - target: {fileID: 4703884277553452, guid: 6c9240d65ec01421abf47aa7ff348fef, type: 3}
      propertyPath: m_LocalEulerAnglesHint.z
      value: 0
      objectReference: {fileID: 0}
    m_RemovedComponents: []
  m_SourcePrefab: {fileID: 100100000, guid: 6c9240d65ec01421abf47aa7ff348fef, type: 3}
--- !u!4 &5228785058631233097 stripped
Transform:
  m_CorrespondingSourceObject: {fileID: 4703884277553452, guid: 6c9240d65ec01421abf47aa7ff348fef,
    type: 3}
  m_PrefabInstance: {fileID: 5224411305048815461}
  m_PrefabAsset: {fileID: 0}
--- !u!1001 &5224411305191998294
PrefabInstance:
  m_ObjectHideFlags: 0
  serializedVersion: 2
  m_Modification:
    m_TransformParent: {fileID: 5224411303643573610}
    m_Modifications:
    - target: {fileID: 1737144855064878, guid: 6c9240d65ec01421abf47aa7ff348fef, type: 3}
      propertyPath: m_Name
      value: house-wall-window-two (10)
      objectReference: {fileID: 0}
    - target: {fileID: 4703884277553452, guid: 6c9240d65ec01421abf47aa7ff348fef, type: 3}
      propertyPath: m_RootOrder
      value: 10
      objectReference: {fileID: 0}
    - target: {fileID: 4703884277553452, guid: 6c9240d65ec01421abf47aa7ff348fef, type: 3}
      propertyPath: m_LocalPosition.x
      value: 1.7000004
      objectReference: {fileID: 0}
    - target: {fileID: 4703884277553452, guid: 6c9240d65ec01421abf47aa7ff348fef, type: 3}
      propertyPath: m_LocalPosition.y
      value: 0
      objectReference: {fileID: 0}
    - target: {fileID: 4703884277553452, guid: 6c9240d65ec01421abf47aa7ff348fef, type: 3}
      propertyPath: m_LocalPosition.z
      value: 4.499998
      objectReference: {fileID: 0}
    - target: {fileID: 4703884277553452, guid: 6c9240d65ec01421abf47aa7ff348fef, type: 3}
      propertyPath: m_LocalRotation.w
      value: 0.7071081
      objectReference: {fileID: 0}
    - target: {fileID: 4703884277553452, guid: 6c9240d65ec01421abf47aa7ff348fef, type: 3}
      propertyPath: m_LocalRotation.x
      value: -0
      objectReference: {fileID: 0}
    - target: {fileID: 4703884277553452, guid: 6c9240d65ec01421abf47aa7ff348fef, type: 3}
      propertyPath: m_LocalRotation.y
      value: -0.7071055
      objectReference: {fileID: 0}
    - target: {fileID: 4703884277553452, guid: 6c9240d65ec01421abf47aa7ff348fef, type: 3}
      propertyPath: m_LocalRotation.z
      value: -0
      objectReference: {fileID: 0}
    - target: {fileID: 4703884277553452, guid: 6c9240d65ec01421abf47aa7ff348fef, type: 3}
      propertyPath: m_LocalEulerAnglesHint.x
      value: 0
      objectReference: {fileID: 0}
    - target: {fileID: 4703884277553452, guid: 6c9240d65ec01421abf47aa7ff348fef, type: 3}
      propertyPath: m_LocalEulerAnglesHint.y
      value: -90.00001
      objectReference: {fileID: 0}
    - target: {fileID: 4703884277553452, guid: 6c9240d65ec01421abf47aa7ff348fef, type: 3}
      propertyPath: m_LocalEulerAnglesHint.z
      value: 0
      objectReference: {fileID: 0}
    m_RemovedComponents: []
  m_SourcePrefab: {fileID: 100100000, guid: 6c9240d65ec01421abf47aa7ff348fef, type: 3}
--- !u!4 &5228785057680628346 stripped
Transform:
  m_CorrespondingSourceObject: {fileID: 4703884277553452, guid: 6c9240d65ec01421abf47aa7ff348fef,
    type: 3}
  m_PrefabInstance: {fileID: 5224411305191998294}
  m_PrefabAsset: {fileID: 0}
--- !u!1001 &5224411305305395698
PrefabInstance:
  m_ObjectHideFlags: 0
  serializedVersion: 2
  m_Modification:
    m_TransformParent: {fileID: 5224411303643573610}
    m_Modifications:
    - target: {fileID: 1737144855064878, guid: 6c9240d65ec01421abf47aa7ff348fef, type: 3}
      propertyPath: m_Name
      value: house-wall-window-two (3)
      objectReference: {fileID: 0}
    - target: {fileID: 4703884277553452, guid: 6c9240d65ec01421abf47aa7ff348fef, type: 3}
      propertyPath: m_RootOrder
      value: 3
      objectReference: {fileID: 0}
    - target: {fileID: 4703884277553452, guid: 6c9240d65ec01421abf47aa7ff348fef, type: 3}
      propertyPath: m_LocalPosition.x
      value: 0
      objectReference: {fileID: 0}
    - target: {fileID: 4703884277553452, guid: 6c9240d65ec01421abf47aa7ff348fef, type: 3}
      propertyPath: m_LocalPosition.y
      value: 0
      objectReference: {fileID: 0}
    - target: {fileID: 4703884277553452, guid: 6c9240d65ec01421abf47aa7ff348fef, type: 3}
      propertyPath: m_LocalPosition.z
      value: 9
      objectReference: {fileID: 0}
    - target: {fileID: 4703884277553452, guid: 6c9240d65ec01421abf47aa7ff348fef, type: 3}
      propertyPath: m_LocalRotation.w
      value: 0.0000029504295
      objectReference: {fileID: 0}
    - target: {fileID: 4703884277553452, guid: 6c9240d65ec01421abf47aa7ff348fef, type: 3}
      propertyPath: m_LocalRotation.x
      value: -0
      objectReference: {fileID: 0}
    - target: {fileID: 4703884277553452, guid: 6c9240d65ec01421abf47aa7ff348fef, type: 3}
      propertyPath: m_LocalRotation.y
      value: -1
      objectReference: {fileID: 0}
    - target: {fileID: 4703884277553452, guid: 6c9240d65ec01421abf47aa7ff348fef, type: 3}
      propertyPath: m_LocalRotation.z
      value: -0
      objectReference: {fileID: 0}
    - target: {fileID: 4703884277553452, guid: 6c9240d65ec01421abf47aa7ff348fef, type: 3}
      propertyPath: m_LocalEulerAnglesHint.x
      value: 0
      objectReference: {fileID: 0}
    - target: {fileID: 4703884277553452, guid: 6c9240d65ec01421abf47aa7ff348fef, type: 3}
      propertyPath: m_LocalEulerAnglesHint.y
      value: -180.00002
      objectReference: {fileID: 0}
    - target: {fileID: 4703884277553452, guid: 6c9240d65ec01421abf47aa7ff348fef, type: 3}
      propertyPath: m_LocalEulerAnglesHint.z
      value: 0
      objectReference: {fileID: 0}
    m_RemovedComponents: []
  m_SourcePrefab: {fileID: 100100000, guid: 6c9240d65ec01421abf47aa7ff348fef, type: 3}
--- !u!4 &5228785057819183326 stripped
Transform:
  m_CorrespondingSourceObject: {fileID: 4703884277553452, guid: 6c9240d65ec01421abf47aa7ff348fef,
    type: 3}
  m_PrefabInstance: {fileID: 5224411305305395698}
  m_PrefabAsset: {fileID: 0}
--- !u!1001 &5224411305475110162
PrefabInstance:
  m_ObjectHideFlags: 0
  serializedVersion: 2
  m_Modification:
    m_TransformParent: {fileID: 5224411303643573610}
    m_Modifications:
    - target: {fileID: 1737144855064878, guid: 6c9240d65ec01421abf47aa7ff348fef, type: 3}
      propertyPath: m_Name
      value: house-wall-window-two (6)
      objectReference: {fileID: 0}
    - target: {fileID: 4703884277553452, guid: 6c9240d65ec01421abf47aa7ff348fef, type: 3}
      propertyPath: m_RootOrder
      value: 6
      objectReference: {fileID: 0}
    - target: {fileID: 4703884277553452, guid: 6c9240d65ec01421abf47aa7ff348fef, type: 3}
      propertyPath: m_LocalPosition.x
      value: -7.699993
      objectReference: {fileID: 0}
    - target: {fileID: 4703884277553452, guid: 6c9240d65ec01421abf47aa7ff348fef, type: 3}
      propertyPath: m_LocalPosition.y
      value: 0
      objectReference: {fileID: 0}
    - target: {fileID: 4703884277553452, guid: 6c9240d65ec01421abf47aa7ff348fef, type: 3}
      propertyPath: m_LocalPosition.z
      value: 7.4999995
      objectReference: {fileID: 0}
    - target: {fileID: 4703884277553452, guid: 6c9240d65ec01421abf47aa7ff348fef, type: 3}
      propertyPath: m_LocalRotation.w
      value: -0.7071037
      objectReference: {fileID: 0}
    - target: {fileID: 4703884277553452, guid: 6c9240d65ec01421abf47aa7ff348fef, type: 3}
      propertyPath: m_LocalRotation.x
      value: -0
      objectReference: {fileID: 0}
    - target: {fileID: 4703884277553452, guid: 6c9240d65ec01421abf47aa7ff348fef, type: 3}
      propertyPath: m_LocalRotation.y
      value: -0.7071099
      objectReference: {fileID: 0}
    - target: {fileID: 4703884277553452, guid: 6c9240d65ec01421abf47aa7ff348fef, type: 3}
      propertyPath: m_LocalRotation.z
      value: -0
      objectReference: {fileID: 0}
    - target: {fileID: 4703884277553452, guid: 6c9240d65ec01421abf47aa7ff348fef, type: 3}
      propertyPath: m_LocalEulerAnglesHint.x
      value: 0
      objectReference: {fileID: 0}
    - target: {fileID: 4703884277553452, guid: 6c9240d65ec01421abf47aa7ff348fef, type: 3}
      propertyPath: m_LocalEulerAnglesHint.y
      value: -269.999
      objectReference: {fileID: 0}
    - target: {fileID: 4703884277553452, guid: 6c9240d65ec01421abf47aa7ff348fef, type: 3}
      propertyPath: m_LocalEulerAnglesHint.z
      value: 0
      objectReference: {fileID: 0}
    m_RemovedComponents: []
  m_SourcePrefab: {fileID: 100100000, guid: 6c9240d65ec01421abf47aa7ff348fef, type: 3}
--- !u!4 &5228785057917660222 stripped
Transform:
  m_CorrespondingSourceObject: {fileID: 4703884277553452, guid: 6c9240d65ec01421abf47aa7ff348fef,
    type: 3}
  m_PrefabInstance: {fileID: 5224411305475110162}
  m_PrefabAsset: {fileID: 0}
--- !u!1001 &5224411305617875481
PrefabInstance:
  m_ObjectHideFlags: 0
  serializedVersion: 2
  m_Modification:
    m_TransformParent: {fileID: 5224411303643573610}
    m_Modifications:
    - target: {fileID: 1737144855064878, guid: 6c9240d65ec01421abf47aa7ff348fef, type: 3}
      propertyPath: m_Name
      value: house-wall-window-two (4)
      objectReference: {fileID: 0}
    - target: {fileID: 4703884277553452, guid: 6c9240d65ec01421abf47aa7ff348fef, type: 3}
      propertyPath: m_RootOrder
      value: 4
      objectReference: {fileID: 0}
    - target: {fileID: 4703884277553452, guid: 6c9240d65ec01421abf47aa7ff348fef, type: 3}
      propertyPath: m_LocalPosition.x
      value: -3
      objectReference: {fileID: 0}
    - target: {fileID: 4703884277553452, guid: 6c9240d65ec01421abf47aa7ff348fef, type: 3}
      propertyPath: m_LocalPosition.y
      value: 0
      objectReference: {fileID: 0}
    - target: {fileID: 4703884277553452, guid: 6c9240d65ec01421abf47aa7ff348fef, type: 3}
      propertyPath: m_LocalPosition.z
      value: 9
      objectReference: {fileID: 0}
    - target: {fileID: 4703884277553452, guid: 6c9240d65ec01421abf47aa7ff348fef, type: 3}
      propertyPath: m_LocalRotation.w
      value: 0.0000029504295
      objectReference: {fileID: 0}
    - target: {fileID: 4703884277553452, guid: 6c9240d65ec01421abf47aa7ff348fef, type: 3}
      propertyPath: m_LocalRotation.x
      value: -0
      objectReference: {fileID: 0}
    - target: {fileID: 4703884277553452, guid: 6c9240d65ec01421abf47aa7ff348fef, type: 3}
      propertyPath: m_LocalRotation.y
      value: -1
      objectReference: {fileID: 0}
    - target: {fileID: 4703884277553452, guid: 6c9240d65ec01421abf47aa7ff348fef, type: 3}
      propertyPath: m_LocalRotation.z
      value: -0
      objectReference: {fileID: 0}
    - target: {fileID: 4703884277553452, guid: 6c9240d65ec01421abf47aa7ff348fef, type: 3}
      propertyPath: m_LocalEulerAnglesHint.x
      value: 0
      objectReference: {fileID: 0}
    - target: {fileID: 4703884277553452, guid: 6c9240d65ec01421abf47aa7ff348fef, type: 3}
      propertyPath: m_LocalEulerAnglesHint.y
      value: -180.00002
      objectReference: {fileID: 0}
    - target: {fileID: 4703884277553452, guid: 6c9240d65ec01421abf47aa7ff348fef, type: 3}
      propertyPath: m_LocalEulerAnglesHint.z
      value: 0
      objectReference: {fileID: 0}
    m_RemovedComponents: []
  m_SourcePrefab: {fileID: 100100000, guid: 6c9240d65ec01421abf47aa7ff348fef, type: 3}
--- !u!4 &5228785058060368693 stripped
Transform:
  m_CorrespondingSourceObject: {fileID: 4703884277553452, guid: 6c9240d65ec01421abf47aa7ff348fef,
    type: 3}
  m_PrefabInstance: {fileID: 5224411305617875481}
  m_PrefabAsset: {fileID: 0}
